=LDR  02800nam a2200469Mi 4500
=001  398170
=003  NjP
=006  m\\\\\\\\d\\\\\\\\
=007  cr\cn\|||m|||a
=008  210211m19831986ir\a\\\\ob\\\\000\0\ara\d
=040  \\$aZYU$bara$erda$cZYU
=050  \4$aKBP135.3$b.I267x 1983
=100  1\$6880-01$aIbn al-Shahīd al-Thānī, al-Ḥasan,$d1551 or 1552-1602 or 1603.
=245  10$6880-02$aMuntaqá al-jumān fī al-aḥādīth al-ṣiḥāḥ wa-al-ḥisān /$clil-Shaykh Jamāl al-Dīn Abī Manṣūr al-Ḥasan ibn Zayn al-Dīn al- Shahīd ; ṣaḥḥaḥahu wa-ʻallaqa ʻalayh ʻAlī Akbar al-Ghaffārī.
=250  \\$6880-03$aChāp-i 1.
=260  \\$6880-04$aQum :$bJāmiʻat al-Mudarrisīn fī al-Ḥawzah al-ʻIlmīyah,$c1362-1365 [1983 or 1984-1986 or 1987]
=300  \\$aonline resource (3 volumes) :$billustrations
=336  \\$atext$2rdacontent
=337  \\$acomputer$2rdamedia
=338  \\$aonline resource$2rdacarrier
=500  \\$a"646" ; "647" ; "648"--Individual covers.
=500  \\$aPart of the Arabic Collections Online (ACO) project, contributed by Princeton University Libraries.
=504  \\$aIncludes bibliographical references.
=533  \\$aElectronic reproduction.$bNew York, N.Y. :$cNew York University,$d2021.$5NNU
=650  \0$aHadith$xAuthorities$vEarly works to 1800.
=650  \0$aShiites$vEarly works to 1800.
=650  \7$aHadith$xAuthorities.$2fast$0(OCoLC)fst00950115
=650  \7$aShiites.$2fast$0(OCoLC)fst01115976
=655  \7$aEarly works.$2fast$0(OCoLC)fst01411636
=700  1\$6880-05$aGhaffārī, ʻAlī Akbar.
=710  2\$aPrinceton University.$bLibrary.
=730  0\$aArabic Collections Online.
=752  \\$aIran$dQom.
=776  08$iPrint version:$aIbn al-Shahīd al-Thānī, al-Ḥasan, 1551 or 1552-1602 or 1603.$tMuntaqá al-jumān fī al-aḥādīth al-ṣiḥāḥ wa-al-ḥisān$w(NjP)398170$w(OCoLC)37482420
=856  40$uhttp://hdl.handle.net/2333.1/gxd25f8b 
=880  1\$6100-01$aابن الشهيد الثاني، الحسن.
=880  10$6245-02$aمنتقى الجمان فى الاحاديث الصحيحة و الحسان /$cللشيخ جمال الدين ابي منصور الحسن بن زين الدين الشهيد ؛ صححه وعلق عليه علي اكبر الغفاري.
=880  \\$6250-03$aچاپ 1.
=880  \\$6260-04$aقم :$bجامعة المدرسين في الحوزة العلمية،$c1362-1365 [1983 or 1984-1986 or 1987]
=880  1\$6700-05$aغفاري، علي اكبر.
=959  \\$aNNU$bWEB$cGENI$t0$mElectronic access$s01
=999  \\$iNjP_398170$o(OCoLC)ocm37482420$sprinceton_aco003802:juz 3$sprinceton_aco003803:juz 2$sprinceton_aco003807:juz 1$e(ERROR-880)$sprinceton_aco003802:juz 3$sprinceton_aco003803:juz 2$sprinceton_aco003807:juz 1

