=LDR  01880nam a2200385Mi 4500
=001  450875
=003  NjP
=006  m\\\\\\\\d\\\\\\\\
=007  cr\cn\|||m|||a
=008  210211s197u\\\\ir\\\\\\o\\\\\000\0\ara\d
=040  \\$aZYU$bara$erda$cZYU
=050  \4$aBP145$b.K3 1970z
=100  1\$6880-01$aKarājikī, Muḥammad ibn ʻAlī,$d-1057 or 1058.
=245  10$6880-02$aKanz al-fawāʼid /$cli-muʼallifihi Abī al-Fatḥ Muḥammad ibn ʻAlī al-Karājakī.
=260  \\$6880-03$aQum :$bMaktabat al-Muṣṭafawī,$c[197-]
=300  \\$aonline resource (382 pages)
=336  \\$atext$2rdacontent
=337  \\$acomputer$2rdamedia
=338  \\$aonline resource$2rdacarrier
=500  \\$aPart of the Arabic Collections Online (ACO) project, contributed by Princeton University Libraries.
=533  \\$aElectronic reproduction.$bNew York, N.Y. :$cNew York University,$d2021.$5NNU
=650  \0$aIslamic law$xInterpretation and construction$vEarly works to 1800.
=650  \0$aShiites.
=650  \7$aIslamic law$xInterpretation and construction.$2fast$0(OCoLC)fst00979955
=650  \7$aShiites.$2fast$0(OCoLC)fst01115976
=655  \7$aEarly works.$2fast$0(OCoLC)fst01411636
=710  2\$aPrinceton University.$bLibrary.
=730  0\$aArabic Collections Online.
=776  08$iPrint version:$aKarājikī, Muḥammad ibn ʻAlī, -1057 or 1058.$tKanz al-fawāʼid$w(NjP)450875$w(OCoLC)25400495
=856  40$uhttp://hdl.handle.net/2333.1/9w0vtfd8 
=880  1\$6100-01$aكراجكي، محمد بن علي،$d-1057 or 1058.
=880  10$6245-02$aكنز الفوائد /$cلمؤلفه ابي الفتح محمد بن علي الكراجكي.
=880  \\$6260-03$aقم :$bمكتبة المصطفوي،$c[197-]
=959  \\$aNNU$bWEB$cGENI$t0$mElectronic access$s01
=999  \\$iNjP_450875$o(OCoLC)ocm25400495$sprinceton_aco003525:$e(ERROR-880)$sprinceton_aco003525:

