=LDR  02747nam a2200469Mi 4500
=001  264862
=003  NjP
=006  m\\\\\\\\d\\\\\\\\
=007  cr\cn\|||m|||a
=008  210211s1982\\\\ir\\\\\\oi\\\\000\0\arard
=040  \\$aZYU$bara$erda$cZYU
=050  \4$aBP194.A37$bM54 1982
=100  1\$6880-01$aMīlānī, Fāḍil al-Ḥusaynī.
=245  10$6880-02$aʻAlá ḍifāf al-Ghadīr :$bfihris mawḍūʻī wa-taḥlīlī li-mawsūʻat (al-Ghadīr) /$ciʻdād ʻAbd Allāh Muḥammadī, Muḥammad Bahrah Mand, Muḥammad Muḥaddith ; murājaʻat wa-tansīq Fāḍil al-Ḥusaynī al-Mīlānī.
=260  \\$6880-03$aMashhad :$bDār al-Murtaḍá lil-Nashr,$c1403 [1982 or 1983]
=300  \\$aonline resource (338 pages)
=336  \\$atext$2rdacontent
=337  \\$acomputer$2rdamedia
=338  \\$aonline resource$2rdacarrier
=500  \\$aPart of the Arabic Collections Online (ACO) project, contributed by Princeton University Libraries.
=533  \\$aElectronic reproduction.$bNew York, N.Y. :$cNew York University,$d2021.$5NNU
=600  10$aAmīnī, ʻAbd al-Ḥusayn Aḥmad.$tGhadīr fī al-Kitāb wa-al-sunnah wa-al-adab$vIndexes.
=600  00$aʻAlī ibn Abī Ṭālib,$cCaliph,$dapproximately 600-661$xImamate$vIndexes.
=650  \0$aShīʻah$vIndexes.
=650  \0$aGhadīr$vIndexes.
=600  07$aʻAlī ibn Abī Ṭālib,$cCaliph,$dapproximately 600-661$2fast$0(OCoLC)fst01804105
=630  07$aGhadīr fī al-Kitāb wa-al-sunnah wa-al-adab (Amīnī, ʻAbd al-Ḥusayn Aḥmad)$2fast$0(OCoLC)fst01363242
=650  \7$aGhadīr.$2fast$0(OCoLC)fst00942311
=650  \7$aImamate.$2fast$0(OCoLC)fst00967643
=650  \7$aShīʻah.$2fast$0(OCoLC)fst01117946
=655  \7$aIndexes.$2fast$0(OCoLC)fst01423761
=700  1\$6880-04$aMuḥammadī, ʻAbd Allāh.
=710  2\$aPrinceton University.$bLibrary.
=730  0\$aArabic Collections Online.
=776  08$iPrint version:$aMīlānī, Fāḍil al-Ḥusaynī.$tʻAlá ḍifāf al-Ghadīr$w(NjP)264862$w(OCoLC)21263585
=856  40$uhttp://hdl.handle.net/2333.1/tht76tgp 
=880  1\$6100-01$aميلاني، فاضل الحسيني.
=880  10$6245-02$aعلى ضفاف الغدير :$bفهرس موضوعي وتحليلي لموسوعة (لغدير) /$cاعداد عبد الله محمدي، محمد بهرة مند، محمد محدث ؛ مراجعة وتنسيق فاضل الحسيني الميلاني.
=880  \\$6260-03$aمشهد :$bدار المرتضى للنشر،$c1403 [1982 or 1983]
=880  1\$6700-04$aمحمدي، عبد الله.
=959  \\$aNNU$bWEB$cGENI$t0$mElectronic access$s01
=999  \\$iNjP_264862$o(OCoLC)ocm21263585$sprinceton_aco003348:$e(ERROR-880)$sprinceton_aco003348:

