=LDR  02668nam a2200457Mi 4500
=001  1173202
=003  NjP
=006  m\\\\\\\\d\\\\\\\\
=007  cr\cn\|||m|||a
=008  210211s1982\\\\ir\\\\\\ob\\\\000\0\ara\d
=040  \\$aZYU$bara$erda$cZYU
=050  \4$aBP130$b.M577 1982
=100  1\$6880-01$aMīr Ṣābirī, Dāwūd.
=245  13$6880-02$aal-Āyāt al-bāhirah fī baqīyat al-ʻitrah al-ṭāhirah, aw, Tafsīr āyāt al-Qurʼān fī al-Mahdī ṣāḥib al-zamān /$c[al-muʼallif Dāwūd al-Mīr Ṣābirī].
=246  30$6880-03$aĀyāt al-bāhirah fī baqīyat al-ʻitrah al-ṭāhirah
=246  30$6880-04$aTafsīr āyāt al-Qurʼān fī al-Mahdī ṣāḥib al-zamān
=260  \\$6880-05$aṬihrān :$bQism al-Dirāsāt al-Islāmīyah, Muʼassasat al-Biʻthah,$c[1982?]
=300  \\$aonline resource (496 pages)
=336  \\$atext$2rdacontent
=337  \\$acomputer$2rdamedia
=338  \\$aonline resource$2rdacarrier
=500  \\$aIntrod. dated: 1402 [1982].
=500  \\$aPart of the Arabic Collections Online (ACO) project, contributed by Princeton University Libraries.
=504  \\$aIncludes bibliographical references (pages 477-491).
=533  \\$aElectronic reproduction.$bNew York, N.Y. :$cNew York University,$d2021.$5NNU
=630  00$aQurʼan$xCriticism, interpretation, etc.
=650  \0$aMahdi.
=630  07$aQurʼan.$2fast$0(OCoLC)fst01842877
=650  \7$aMahdi.$2fast$0(OCoLC)fst01005989
=655  \7$aCriticism, interpretation, etc.$2fast$0(OCoLC)fst01411635
=710  2\$aPrinceton University.$bLibrary.
=730  0\$aArabic Collections Online.
=776  08$iPrint version:$aMīr Ṣābirī, Dāwūd.$tal-Āyāt al-bāhirah fī baqīyat al-ʻitrah al-ṭāhirah, aw, Tafsīr āyāt al-Qurʼān fī al-Mahdī ṣāḥib al-zamān$w(NjP)1173202$w(OCoLC)80227017
=856  40$uhttp://hdl.handle.net/2333.1/6m9061h7 
=880  1\$6100-01$aمير صابري، داوود.
=880  12$6245-02$aالايات الباهرة في بقية العترة الطاهرة، او، تفسير آيات القرآن في المهدي صاحب الزمان /$c[المؤلف داوود المير صابري].
=880  30$6246-03$aآيات الباهرة في بقية العترة الطاهرة
=880  30$6246-04$aتفسير آيات القرآن في المهدي صاحب الزمان
=880  \\$6260-05$aطهران :$bقسم الدراسات الاسلامية، مؤسسة البعثة،$c[1982؟]
=959  \\$aNNU$bWEB$cGENI$t0$mElectronic access$s01
=999  \\$iNjP_1173202$o(OCoLC)ocm80227017$sprinceton_aco002757$e(ERROR-880)$sprinceton_aco002757

