=LDR  02153nam a2200421Mi 4500
=001  459528
=003  NjP
=006  m\\\\\\\\d\\\\\\\\
=007  cr\cn\|||m|||a
=008  210211s1952\\\\ua\\\\\\o\\\\\000\0\ara\d
=040  \\$aZYU$bara$erda$cZYU
=050  \4$aPJ7577$b.N34 1952
=100  1\$6880-01$aNajm, Muḥammad Yūsuf.
=245  13$6880-02$aal-Qiṣṣah fī al-adab al-ʻArabī al-ḥadīth /$cTaʼlīf Muḥammad Yūsuf Najm.
=260  \\$6880-03$aal-Qāhirah :$bDār Miṣr lil-tibāʻah,$c1952.
=300  \\$aonline resource (8, 295 pages)
=336  \\$atext$2rdacontent
=337  \\$acomputer$2rdamedia
=338  \\$aonline resource$2rdacarrier
=490  1\$6880-04$aDirāsāt fī al-adab al-ʻArabī al-ḥadīth ;$v1
=500  \\$aPart of the Arabic Collections Online (ACO) project, contributed by Princeton University Libraries.
=505  0\$a[1] Fī Lubnān ḥattá al-ḥarb al-ʻuẓmá
=533  \\$aElectronic reproduction.$bNew York, N.Y. :$cNew York University,$d2021.$5NNU
=650  \0$aArabic fiction$xHistory and criticism.
=650  \7$aArabic fiction.$2fast$0(OCoLC)fst00812274
=655  \7$aCriticism, interpretation, etc.$2fast$0(OCoLC)fst01411635
=710  2\$aPrinceton University.$bLibrary.
=730  0\$aArabic Collections Online.
=776  08$iPrint version:$aNajm, Muḥammad Yūsuf.$tal-Qiṣṣah fī al-adab al-ʻArabī al-ḥadīth$w(NjP)459528$w(OCoLC)42043321
=830  \0$6880-05$aDirāsāt fī al-adab al-ʻArabī al-ḥadīth ;$v1.
=856  40$uhttp://hdl.handle.net/2333.1/xgxd2g8h 
=880  1\$6100-01$aنجم، محمد يوسف.
=880  12$6245-02$aالقصة في الادب العربي الحديث /$cتأليف محمد يوسف نجم.
=880  \\$6260-03$aالقاهرة :$bدار مصر للتباعة،$c1952.
=880  1\$6490-04$aدراسات في الادب العربي الحديث ؛$v1
=880  \0$6830-05$aدراسات في الادب العربي الحديث ؛$v1.
=959  \\$aNNU$bWEB$cGENI$t0$mElectronic access$s01
=999  \\$iNjP_459528$o(OCoLC)ocm42043321$sprinceton_aco004055:$e(ERROR-880)(ERROR-SERIES)$sprinceton_aco004055:

