=LDR  02134nam a2200421Mi 4500
=001  1586251
=003  NjP
=006  m\\\\\\\\d\\\\\\\\
=007  cr\cn\|||m|||a
=008  210211s1970\\\\ir\\\\\\o\\\\\000\0\ara\d
=040  \\$aZYU$bara$erda$cZYU
=050  \4$aDD491.R48 G84$bT46
=100  1\$6880-01$aKafʻamī, Ibrāhīm ibn ʻAlī,$d1436 or 1437-1499 or 1500.
=245  10$6880-02$aJannat al-amān al-wāqiyah wa-jannat al-īmān al-bāqiyah al-mushtahar bi-al-Miṣbāḥ.
=246  3\$6880-03$aMiṣbāḥ
=250  \\$6880-04$aal-Ṭabʻah 2.
=260  \\$6880-05$aTehran :$bMuʼassaseh-yi Maṭbūʻātī-yi Ismāʻīliyān,$c1349 [1970 or 1971]
=300  \\$aonline resource (774 pages)
=336  \\$atext$2rdacontent
=337  \\$acomputer$2rdamedia
=338  \\$aonline resource$2rdacarrier
=500  \\$aPart of the Arabic Collections Online (ACO) project, contributed by Princeton University Libraries.
=533  \\$aElectronic reproduction.$bNew York, N.Y. :$cNew York University,$d2021.$5NNU
=546  \\$aIn Arabic.
=650  \0$aIslam$vPrayers and devotions.
=650  \7$aIslam.$2fast$0(OCoLC)fst00979776
=655  \7$aPrayers and devotions.$2fast$0(OCoLC)fst01423909
=710  2\$aPrinceton University.$bLibrary.
=730  0\$aArabic Collections Online.
=776  08$iPrint version:$aKafʻamī, Ibrāhīm ibn ʻAlī, 1436 or 1437-1499 or 1500.$tJannat al-amān al-wāqiyah wa-jannat al-īmān al-bāqiyah al-mushtahar bi-al-Miṣbāḥ$w(NjP)1586251$w(OCoLC)42882142
=856  40$uhttp://hdl.handle.net/2333.1/xsj3v7gq 
=880  1\$6100-01$aكفعمي، ابراهيم بن علي،$d1436 or 1437-1499 or 1500.
=880  10$6245-02$aجنة الامان الواقية وجنة الامان الباقية المشتهر بالمصباح.
=880  3\$6246-03$aمصباح
=880  \\$6250-04$aالطبعة 2.
=880  \\$6260-05$aتهرن :$bمؤسسه مطبوعاتى اسماعىلىان،$c1349 [1970 or 1971]
=959  \\$aNNU$bWEB$cGENI$t0$mElectronic access$s01
=999  \\$iNjP_1586251$o(OCoLC)ocm42882142$sprinceton_aco004026:$e(ERROR-880)$sprinceton_aco004026:

