=LDR  02286nam a2200421Mi 4500
=001  819791
=003  NjP
=006  m\\\\\\\\d\\\\\\\\
=007  cr\cn\|||m|||a
=008  210211s1989\\\\ir\\\\\\ob\\\\000\0\arard
=040  \\$aZYU$bara$erda$cZYU
=050  \4$aBP193.2$b.A2 1989
=100  0\$6880-01$aʻAlī al-Hādī,$d828?-868.
=245  10$6880-02$aMusnad al-Imām al-Hādī, Abī al-Ḥasan ʻAlī ibn Muḥammad /$cjamaʻahu wa-rattabahu ʻAzīz Allāh al-ʻAṭāridī.
=260  \\$6880-03$aQum :$bal-Muʼtamar al-ʻĀlamī lil-Imām al-Riḍā, ʻAlayhi al-Salām,$c1410 [1989 or 1990]
=300  \\$aonline resource (400 pages)
=336  \\$atext$2rdacontent
=337  \\$acomputer$2rdamedia
=338  \\$aonline resource$2rdacarrier
=500  \\$aPart of the Arabic Collections Online (ACO) project, contributed by Princeton University Libraries.
=504  \\$aIncludes bibliographical references (pages 381-384).
=533  \\$aElectronic reproduction.$bNew York, N.Y. :$cNew York University,$d2021.$5NNU
=650  \0$aHadith$vEarly works to 1800.
=650  \0$aHadith$xAuthorities$vEarly works to 1800.
=650  \7$aHadith.$2fast$0(OCoLC)fst00950112
=650  \7$aHadith$xAuthorities.$2fast$0(OCoLC)fst00950115
=655  \7$aEarly works.$2fast$0(OCoLC)fst01411636
=700  1\$6880-04$aʻAṭāridī al-Khabūshānī, ʻAzīz Allāh.
=710  2\$aPrinceton University.$bLibrary.
=730  0\$aArabic Collections Online.
=776  08$iPrint version:$aʻAlī al-Hādī, 828?-868.$tMusnad al-Imām al-Hādī, Abī al-Ḥasan ʻAlī ibn Muḥammad$w(NjP)819791$w(OCoLC)28518071
=856  40$uhttp://hdl.handle.net/2333.1/w0vt4nd9 
=880  0\$6100-01$aعلي الهادي،$d828?-868.
=880  10$6245-02$aمسند الامام الهادي، ابي الحسن علي بن محمد، عليهما السلام /$cجمعه ورتبه عزيز الله العطاردي.
=880  \\$6260-03$aقم :$bالمؤتمر العالمي للامام الرضا، عليه السلام،$c1410 [1989 or 1990]
=880  1\$6700-04$aعطاردي الخبوشاني، عزيز الله.
=959  \\$aNNU$bWEB$cGENI$t0$mElectronic access$s01
=999  \\$iNjP_819791$o(OCoLC)ocm28518071$sprinceton_aco002991$e(ERROR-880)$sprinceton_aco002991

