=LDR  02388nam a2200457Mi 4500
=001  2759709
=003  NjP
=006  m\\\\\\\\d\\\\\\\\
=007  cr\cn\|||m|||a
=008  210211s1969\\\\iq\\\\\\ob\\\\000\0\arar\
=040  \\$aZYU$bara$erda$cZYU
=050  04$aDS119.7$b.H55
=100  1\$6880-01$aHītī, Hādī Nuʻmān.
=245  13$6880-02$aal-Iʻlām al-ʻArabī wa-al-diʻāyah al-Ṣihyūnīyah /$cbi-qalam Hādī Nuʻmān al-Hītī.
=260  \\$6880-03$a[Baghdād] :$b[Dār al-Jumhūrīyah],$c[1969]
=300  \\$aonline resource (181 pages)
=336  \\$atext$2rdacontent
=337  \\$acomputer$2rdamedia
=338  \\$aonline resource$2rdacarrier
=490  1\$6880-04$aSilsilah al-iʻlāmīyah,$v7
=500  \\$aAt head of title: Wizārat al-Thaqāfah wa-al-Iʻlām. Mudīrīyat al-Iʻlām al-ʻĀmmah.
=500  \\$aPart of the Arabic Collections Online (ACO) project, contributed by Princeton University Libraries.
=504  \\$aIncludes bibliographical references.
=533  \\$aElectronic reproduction.$bNew York, N.Y. :$cNew York University,$d2021.$5NNU
=650  \0$aPropaganda, Arab.
=650  \0$aPropaganda, Israeli.
=650  \7$aPropaganda, Arab.$2fast$0(OCoLC)fst01078989
=650  \7$aPropaganda, Israeli.$2fast$0(OCoLC)fst01079031
=710  2\$aPrinceton University.$bLibrary.
=730  0\$aArabic Collections Online.
=776  08$iOnline version:$aHītī, Hādī Nuʻmān.$tIʻlām al-ʻArabī wa-al-diʻāyah al-Ṣihyūnīyah.$d[Baghdād, Dār al-Jumhūrīyah, 1969]$w(OCoLC)551581126
=776  08$iPrint version:$aHītī, Hādī Nuʻmān.$tal-Iʻlām al-ʻArabī wa-al-diʻāyah al-Ṣihyūnīyah$w(NjP)2759709$w(DLC)  75255805 $w(OCoLC)22540010
=830  \0$6880-05$aSilsilah al-iʻlāmīyah ;$v7.
=856  40$uhttp://hdl.handle.net/2333.1/zs7h4fqs 
=880  1\$6100-01$aهيتي، هادي نعمان.
=880  12$6245-02$aالاعلام العربي والدعاية الصهيونية /$cبقلم هادي نعمان الهيتي.
=880  \\$6260-03$a[بغداد] :$b[دار الجمهورية]،$c[1969]
=880  1\$6490-04$aسلسلة الاعلامية،$v7
=880  \0$6830-05$aسلسلة الاعلامية ؛$v7.
=959  \\$aNNU$bWEB$cGENI$t0$mElectronic access$s01
=999  \\$iNjP_2759709$o(OCoLC)ocm22540010$sprinceton_aco002122$e(ERROR-880)$sprinceton_aco002122

