=LDR  03559nam a2200613Mi 4500
=001  5536357
=003  NjP
=006  m\\\\\\\\d\\\\\\\\
=007  cr\cn\|||m|||a
=008  210211s1952\\\\ua\\\\\\o\\\\\000\0\ara\d
=040  \\$aZYU$bara$erda$cZYU
=043  \\$af-ua---
=050  \4$aCD2316$b.A4 1952
=050  \4$aDS97.5$bR987 1952
=100  1\$6880-01$aRustum, Asad,$d1897-1965.
=245  13$6880-02$aal-Maḥfūẓāt al-Malakīyah /$cʻuniya bi-intiqāʼihā wa-tansīqihā wa-al-ishrāf ʻalá tarjamat baʻḍhā Asad Rustum ; al-fahāris li-Ṣubḥī Nāyif Abū Shaqrā.
=246  14$6880-03$aFihris wathāʼiq al-Shām fī ʻahd Muḥammad ʻAlī al-Kabīr
=260  \\$6880-04$a[Cairo] :$bDār al-Maʻārif bi-Miṣr,$c[1952]
=300  \\$aonline resource (326 pages)
=336  \\$atext$2rdacontent
=337  \\$acomputer$2rdamedia
=338  \\$aonline resource$2rdacarrier
=500  \\$6880-05$aAt head of title: al-Jamʻīyah al-Malakīyah lil-Dirāsāt al-Tārīkhīyah.
=500  \\$6880-06$a"Al-Dhikrá al-miʼawīyah lil-maghfūr la-hu Muḥammad ʻAlī al-Kabīr"--Cover.
=500  \\$aPart of the Arabic Collections Online (ACO) project, contributed by Princeton University Libraries.
=533  \\$aElectronic reproduction.$bNew York, N.Y. :$cNew York University,$d2021.$5NNU
=651  \0$aSyria$xHistory$vSources.
=651  \0$aLebanon$xHistory$vSources.
=650  \0$aArchives$zEgypt.
=650  \7$aArchives.$2fast$0(OCoLC)fst00814030
=651  \7$aEgypt.$2fast$0(OCoLC)fst01208755
=651  \7$aLebanon.$2fast$0(OCoLC)fst01206063
=651  \7$aSyria.$2fast$0(OCoLC)fst01208757
=655  \7$aHistory.$2fast$0(OCoLC)fst01411628
=655  \7$aSources.$2fast$0(OCoLC)fst01423900
=700  1\$6880-07$aAbū Shaqrā, Ṣubḥī Nāyif.
=700  12$6880-08$aAbū Shaqrā, Ṣubḥī Nāyif.$tFihris wathāʼiq al-Shām fī ʻahd Muḥammad ʻAlī al-Kabīr.
=710  2\$6880-09$aJamʻīyah al-Miṣrīyah lil-Dirāsāt al-Tārīkhīyah.
=710  2\$aPrinceton University.$bLibrary.
=730  0\$aArabic Collections Online.
=776  08$iOnline version:$aRustum, Asad, 1897-1965.$tMaḥfūẓāt al-Malakīyah.$d[Cairo] : Dār al-Maʻārif bi-Miṣr, [1952]$w(OCoLC)645345324
=776  08$iPrint version:$aRustum, Asad, 1897-1965.$tal-Maḥfūẓāt al-Malakīyah$w(NjP)5536357$w(OCoLC)23486702
=856  40$uhttp://hdl.handle.net/2333.1/bzkh1kcf 
=880  1\$6100-01$aرستم، اسد،$d1897-1965.
=880  12$6245-02$aالمحفوظات الملكية /$cعني بانتقائها وتنسيقها والاشراف على ترجمة بعضها اسد رستم ؛ الفهارس لصبحي نايف ابو شقرا.
=880  14$6246-03$aفهرس وثائق الشام في عهد محمد علي الكبير
=880  \\$6260-04$a[القاهرة] :$bدار المعارف بمصر،$c[1952]
=880  \\$6500-05$aAt head of title: الجمعية الملكية للدراسات التاريخية.
=880  \\$6500-06$a"الذكرى المئوية للمغفور له محمد علي الكبير"Cover.
=880  1\$6700-07$aابو شقرا، صبحي نايف.
=880  12$6700-08$aابو شقرا، صبحي نايف.$tفهرس وثائق الشام في عهد محمد علي الكبير.
=880  2\$6710-09$aجمعية المصرية للدراسات التاريخية.
=959  \\$aNNU$bWEB$cGENI$t0$mElectronic access$s01
=999  \\$iNjP_5536357$o(OCoLC)ocm23486702$sprinceton_aco003716:$sprinceton_aco003716:

