=LDR  01831nam a2200385Mi 4500
=001  2135136
=003  NjP
=006  m\\\\\\\\d\\\\\\\\
=007  cr\cn\|||m|||a
=008  210211s1990\\\\ir\\\\\\ob\\\\000\0\ara\d
=040  \\$aZYU$bara$erda$cZYU
=050  \4$aBP184.4$b.Q329 1990
=100  1\$6880-01$aQudayrī, Muḥammad Ḥasan.
=245  13$6880-02$aal-Tayammum /$ctaʼlīf Muḥammad Ḥasan Qudayrī.
=250  \\$6880-03$aChāp-i 1.
=260  \\$6880-04$a[Iran] :$bIntishārāt-i Usvah vābastah bih Sāzmān-i Ḥājj va Awqāf va Umūr-i Khayrīyah,$c1369 [1990 or 1991]
=300  \\$aonline resource (194 pages)
=336  \\$atext$2rdacontent
=337  \\$acomputer$2rdamedia
=338  \\$aonline resource$2rdacarrier
=500  \\$aPart of the Arabic Collections Online (ACO) project, contributed by Princeton University Libraries.
=504  \\$aIncludes bibliographical references.
=533  \\$aElectronic reproduction.$bNew York, N.Y. :$cNew York University,$d2021.$5NNU
=650  \0$aPurity, Ritual$xIslam.
=650  \7$aPurity, Ritual$xIslam.$2fast$0(OCoLC)fst01084388
=710  2\$aPrinceton University.$bLibrary.
=730  0\$aArabic Collections Online.
=776  08$iPrint version:$aQudayrī, Muḥammad Ḥasan.$tal-Tayammum$w(NjP)2135136$w(OCoLC)40728994
=856  40$uhttp://hdl.handle.net/2333.1/jdfn385q 
=880  1\$6100-01$aقديري، محمد حسن.
=880  12$6245-02$aالتيمم /$cتأليف محمد حسن قديري.
=880  \\$6250-03$aچاپ 1.
=880  \\$6260-04$a[ايران] :$bانتشارات اسوه وابسته به سازمان حاج و اوقاف و امور خىرية،$c1369 [1990 or 1991]
=959  \\$aNNU$bWEB$cGENI$t0$mElectronic access$s01
=999  \\$iNjP_2135136$o(OCoLC)ocm40728994$sprinceton_aco003094$e(ERROR-880)$sprinceton_aco003094

