=LDR  01984nam a2200385Mi 4500
=001  501075
=003  NjP
=006  m\\\\\\\\d\\\\\\\\
=007  cr\cn\|||m|||a
=008  210211s1987\\\\ir\\\\\\ob\\\\000\0\arard
=040  \\$aZYU$bara$erda$cZYU
=050  \4$aBP144$b.M835 1987
=100  1\$6880-01$aMūsawī al-Ardabīlī, ʻAbd al-Karīm.
=245  10$6880-02$aFiqh al-qaḍāʼ :$byaḥtawī ʻalá buḥūth hāmmah mustaḥdathah /$cli-muʼallifihi ʻAbd al-Karīm al-Mūsawī al-Ardabīlī.
=250  \\$6880-03$aal-Ṭabʻah 1.
=260  \\$6880-04$aQum :$bMaktabat Amīr al-Muʼminīn,$c1408 [1987 or 1988]
=300  \\$aonline resource (728 pages)
=336  \\$atext$2rdacontent
=337  \\$acomputer$2rdamedia
=338  \\$aonline resource$2rdacarrier
=500  \\$aPart of the Arabic Collections Online (ACO) project, contributed by Princeton University Libraries.
=504  \\$aIncludes bibliographical references.
=533  \\$aElectronic reproduction.$bNew York, N.Y. :$cNew York University,$d2021.$5NNU
=650  \0$aIslamic law$xInterpretation and construction.
=650  \7$aIslamic law$xInterpretation and construction.$2fast$0(OCoLC)fst00979955
=710  2\$aPrinceton University.$bLibrary.
=730  0\$aArabic Collections Online.
=776  08$iPrint version:$aMūsawī al-Ardabīlī, ʻAbd al-Karīm.$tFiqh al-qaḍāʼ$w(NjP)501075$w(OCoLC)25345460
=856  40$uhttp://hdl.handle.net/2333.1/0rxwdnqz 
=880  1\$6100-01$aموسوى الاردبىلى، عبد الکرىم.
=880  10$6245-02$aفقه القضاء :$bيحتوي على بحوث هامة مستحدثة /$cلمؤلفه عبد الكريم الموسوي الاردبيلي.
=880  \\$6250-03$aالطبعة 1.
=880  \\$6260-04$aقم :$bمكتبة امير المؤمنين،$c1408 [1987 or 1988]
=959  \\$aNNU$bWEB$cGENI$t0$mElectronic access$s01
=999  \\$iNjP_501075$o(OCoLC)ocm25345460$sprinceton_aco003577:$e(ERROR-880)$sprinceton_aco003577:

