=LDR  02627nam a2200493Mi 4500
=001  2826097
=003  NjP
=006  m\\\\\\\\d\\\\\\\\
=007  cr\cn\|||m|||a
=008  210211s1967\\\\iq\\\\\\ob\\\\000\0\arao\
=040  \\$aZYU$bara$erda$cZYU
=043  \\$aar-----
=050  04$aBP134.E7$bS24
=100  1\$6880-01$aṢaffār, Ibtisām Marhūn.
=245  13$6880-02$aal-Taʻābīr al-Qurʹānīyah wa-al-bīʹah al-ʻArabīyah :$bfī mashāhid al-qiyāmah /$ctaʹlīf Ibtisām Marhūn al-Ṣaffār.
=250  \\$6880-03$a[al-Ṭabʻah 1.].
=260  \\$6880-04$aal-Najaf,$bMaṭbaʻat al-Ādāb,$c1966.
=300  \\$aonline resource (384 pages)
=336  \\$atext$2rdacontent
=337  \\$acomputer$2rdamedia
=338  \\$aonline resource$2rdacarrier
=500  \\$aPart of the Arabic Collections Online (ACO) project, contributed by Princeton University Libraries.
=504  \\$aIncludes bibliographical references (pages 319-347).
=520  \\$aA study of terms used in the Qurʼān, the traditions and Arabic poetry with regard to the Day of Judgement.
=533  \\$aElectronic reproduction.$bNew York, N.Y. :$cNew York University,$d2021.$5NNU
=630  00$aQurʼan$xGeography
=630  00$aQurʼan$xLanguage, style
=630  07$aQurʼan.$2fast$0(OCoLC)fst01842877
=650  \0$aEthnology in the Qurʼan
=650  \0$aIslamic eschatology$xQurʼanic teaching
=650  \7$aEthnology in the Qurʼan.$2fast$0(OCoLC)fst01860523
=650  \7$aGeography.$2fast$0(OCoLC)fst00940469
=650  \7$aIslamic eschatology$xQurʼanic teaching.$2fast$0(OCoLC)fst01860719
=710  2\$aPrinceton University.$bLibrary.
=730  0\$aArabic Collections Online.
=776  08$iOnline version:$aṢaffār, Ibtisām Marhūn.$tTaʻābīr al-Qurʹānīyah wa-al-bīʹah al-ʻArabīyah.$b[al-Ṭabʻah 1.].$dal-Najaf, Maṭbaʻat al-Ādāb, 1966 [i.e. 1967]$w(OCoLC)645322191
=776  08$iPrint version:$aṢaffār, Ibtisām Marhūn.$tal-Taʻābīr al-Qurʹānīyah wa-al-bīʹah al-ʻArabīyah$w(NjP)2826097$w(DLC)  71265056 $w(OCoLC)21659654
=856  40$uhttp://hdl.handle.net/2333.1/qbzkhbd6 
=880  1\$6100-01$aصفار، ابتسام مرهون.
=880  12$6245-02$aالتعابير القرآنية والبيئة العربية :$bفي مشاهد القيامة /$cتأليف ابتسام مرهون الصفار.
=880  \\$6250-03$a[الطبعة 1.].
=880  \\$6260-04$aالنجف،$bمطبعة الاداب،$c1966.
=959  \\$aNNU$bWEB$cGENI$t0$mElectronic access$s01
=999  \\$iNjP_2826097$o(OCoLC)ocm21659654$sprinceton_aco002930$sprinceton_aco002930

