=LDR  01954nam a2200373Mi 4500
=001  2771131
=003  NjP
=006  m\\\\\\\\d\\\\\\\\
=007  cr\cn\|||m|||a
=008  210211s1959\\\\ir\\\\\\o\\\\\000\0\ara\d
=040  \\$aZYU$bara$erda$cZYU
=050  \4$aBP145$b.R39 1959
=100  1\$6880-01$aRaz̤avī al-Kāshānī, Muḥammad Ḥusayn.
=245  10$6880-02$aUṣūl muʻtabarah /$cmin muṣanafāt Muḥammad al-Raḍawī al-Kāshānī ; nahaḍa bi-mashruʻih Shihāb al-Dīn al-Raḍawī.
=250  \\$6880-03$aal-Ṭabʻah 1.
=260  \\$6880-04$aTihrān :$bMaṭbaʻat Sharikat Ṭabʻ al-Kitāb,$c1383 [i.e. 1338 1959]
=300  \\$aonline resource (320 pages)
=336  \\$atext$2rdacontent
=337  \\$acomputer$2rdamedia
=338  \\$aonline resource$2rdacarrier
=500  \\$aPart of the Arabic Collections Online (ACO) project, contributed by Princeton University Libraries.
=533  \\$aElectronic reproduction.$bNew York, N.Y. :$cNew York University,$d2021.$5NNU
=650  \0$aIslamic law$xInterpretation and construction.
=650  \7$aIslamic law$xInterpretation and construction.$2fast$0(OCoLC)fst00979955
=710  2\$aPrinceton University.$bLibrary.
=730  0\$aArabic Collections Online.
=776  08$iPrint version:$aRaz̤avī al-Kāshānī, Muḥammad Ḥusayn.$tUṣūl muʻtabarah$w(NjP)2771131$w(OCoLC)35240819
=856  40$uhttp://hdl.handle.net/2333.1/w9ghxdnr 
=880  1\$6100-01$aرضوى الکاشانى، محمد حسىن.
=880  10$6245-02$aاصول معتبره /$cمن مصنفات محمد الرضوى الکاشانى ؛ نهض بمشرعه شهاب الدىن الرضوى.
=880  \\$6250-03$aالطبعة 1.
=880  \\$6260-04$aتهران :$bمطبعة شركة طبع الكتاب،$c1383 [i.e. 1338 1959]
=959  \\$aNNU$bWEB$cGENI$t0$mElectronic access$s01
=999  \\$iNjP_2771131$o(OCoLC)ocm35240819$sprinceton_aco001901$e(ERROR-880)$sprinceton_aco001901

