=LDR  01994nam a2200397Mi 4500
=001  1072112
=003  NjP
=006  m\\\\\\\\d\\\\\\\\
=007  cr\cn\|||m|||a
=008  210211s1981\\\\ir\\\\\\ob\\\\000\0\ara\d
=040  \\$aZYU$bara$erda$cZYU
=050  14$aBP42$b.L346 1981
=110  2\$6880-01$aLajnat al-Taḥrīr Fī Ṭarīq al-Ḥaqq.
=245  10$6880-02$aDurūs fī uṣūl al-dīn /$ctaʼlīf Lajnat al-Taḥrīr ; tarjamat Muḥammad ʻAlī al-Taskhīrī.
=260  \\$6880-03$aQum :$bMuʼassasat Fī Ṭarīq al-Ḥaqq,$c1402 [1981 or 1982]
=300  \\$aonline resource (359 pages)
=336  \\$atext$2rdacontent
=337  \\$acomputer$2rdamedia
=338  \\$aonline resource$2rdacarrier
=500  \\$aPreface dated: 1402 H.
=500  \\$aPart of the Arabic Collections Online (ACO) project, contributed by Princeton University Libraries.
=504  \\$aIncludes bibliographical references.
=533  \\$aElectronic reproduction.$bNew York, N.Y. :$cNew York University,$d2021.$5NNU
=650  \0$aIslam$xStudy and teaching.
=650  \0$aIslam$xDoctrines$xStudy and teaching.
=650  \7$aIslam$xDoctrines$xStudy and teaching.$2fast$0(OCoLC)fst00979790
=650  \7$aIslam$xStudy and teaching.$2fast$0(OCoLC)fst00979852
=710  2\$aPrinceton University.$bLibrary.
=730  0\$aArabic Collections Online.
=776  08$iPrint version:$aLajnat al-Taḥrīr Fī Ṭarīq al-Ḥaqq.$tDurūs fī uṣūl al-dīn$w(NjP)1072112$w(OCoLC)35185644
=856  40$uhttp://hdl.handle.net/2333.1/r2280sdv 
=880  2\$6110-01$aلجنة التحرير في طريق الحق.
=880  10$6245-02$aدروس في اصول الدين /$cتأليف لجنة التحرير ؛ ترجمة محمد علي التسخيري.
=880  \\$6260-03$aقم :$bمؤسسة في طريق الحق،$c1402 [1981 or 1982]
=959  \\$aNNU$bWEB$cGENI$t0$mElectronic access$s01
=999  \\$iNjP_1072112$o(OCoLC)ocm35185644$sprinceton_aco002755$e(ERROR-880)$sprinceton_aco002755

