=LDR  01855nam a2200397Mi 4500
=001  1775635
=003  NjP
=006  m\\\\\\\\d\\\\\\\\
=007  cr\cn\|||m|||a
=008  210211s1968\\\\iq\\\\\\o\\\\\000\0cara\d
=040  \\$aZYU$bara$erda$cZYU
=050  \4$aBP187$b.K366 1968
=100  1\$6880-01$aKammūnah, Ḥaydar ʻAbd al-Razzāq.
=245  10$6880-02$aMashāhid al-ʻitrah al-ṭāhirah wa-aʻyān al-ṣaḥābah wa-al-tābiʻīn.
=260  \\$6880-03$aal-Najaf,$bMaṭbaʻat al-Ādāb,$c1968.
=300  \\$aonline resource (304 pages)
=336  \\$atext$2rdacontent
=337  \\$acomputer$2rdamedia
=338  \\$aonline resource$2rdacarrier
=500  \\$aPart of the Arabic Collections Online (ACO) project, contributed by Princeton University Libraries.
=533  \\$aElectronic reproduction.$bNew York, N.Y. :$cNew York University,$d2021.$5NNU
=546  \\$aIn Arabic.
=650  \0$aMuslims$vBiography.
=650  \0$aIslamic shrines.
=650  \7$aIslamic shrines.$2fast$0(OCoLC)fst00980069
=650  \7$aMuslims.$2fast$0(OCoLC)fst01031029
=655  \7$aBiographies.$2fast$0(OCoLC)fst01919896
=710  2\$aPrinceton University.$bLibrary.
=730  0\$aArabic Collections Online.
=776  08$iPrint version:$aKammūnah, Ḥaydar ʻAbd al-Razzāq.$tMashāhid al-ʻitrah al-ṭāhirah wa-aʻyān al-ṣaḥābah wa-al-tābiʻīn$w(NjP)1775635$w(OCoLC)42882144
=856  40$uhttp://hdl.handle.net/2333.1/2bvq8d98 
=880  1\$6100-01$aكمونة، حيدر عبد الرزاق.
=880  10$6245-02$aمشاهد العترة الطاهرة واعيان الصحابة والتابعين.
=880  \\$6260-03$aالنجف،$bمطبعة الاداب،$c1968.
=959  \\$aNNU$bWEB$cGENI$t0$mElectronic access$s01
=999  \\$iNjP_1775635$o(OCoLC)ocm42882144$sprinceton_aco003812:$e(ERROR-880)$sprinceton_aco003812:

