=LDR  02478nam a2200469Mi 4500
=001  442162
=003  NjP
=006  m\\\\\\\\d\\\\\\\\
=007  cr\cn\|||m|||a
=008  210211s1982\\\\ir\\\\\\ob\\\\000\0\ara\d
=040  \\$aZYU$bara$erda$cZYU
=043  \\$aa-su---
=050  \4$aBP187.3$b.M74 1982
=100  1\$6880-01$aMaghnīyah, Muḥammad Jawād,$d1904-1979.
=240  10$6880-02$aFiqh ʻalá al-madhāhib al-khamsah.$kSelections
=245  13$6880-03$aal-Ḥajj ʻalá mukhtalif al-madhāhib.
=250  \\$6880-04$aal-Ṭabʻah 1.
=260  \\$6880-05$a[Tehran] :$bMunaẓẓamat al-Iʻlām al-Islāmī, Qism al-ʻAlāqāt al-Duwalīyah,$c1403 [1982 or 1983]
=300  \\$aonline resource (104 pages)
=336  \\$atext$2rdacontent
=337  \\$acomputer$2rdamedia
=338  \\$aonline resource$2rdacarrier
=500  \\$a"Muntakhab munaqqaḥ min Kitāb al-fiqh ʻalá al-madhāhib al-khamsah lil-marḥūm al-ʻallāmah al-Shaykh Muḥammad Jawād Maghnīyah"--Title page verso.
=500  \\$aPart of the Arabic Collections Online (ACO) project, contributed by Princeton University Libraries.
=504  \\$aIncludes bibliographical references (page 6).
=533  \\$aElectronic reproduction.$bNew York, N.Y. :$cNew York University,$d2021.$5NNU
=650  \0$aMuslim pilgrims and pilgrimages$zSaudi Arabia$zMecca.
=650  \0$aIslamic law$xInterpretation and construction.
=650  \7$aIslamic law$xInterpretation and construction.$2fast$0(OCoLC)fst00979955
=650  \7$aMuslim pilgrims and pilgrimages.$2fast$0(OCoLC)fst01030970
=651  \7$aSaudi Arabia$zMecca.$2fast$0(OCoLC)fst01204780
=710  2\$aPrinceton University.$bLibrary.
=730  0\$aArabic Collections Online.
=776  08$iPrint version:$aMaghnīyah, Muḥammad Jawād, 1904-1979.$tal-Ḥajj ʻalá mukhtalif al-madhāhib$w(NjP)442162$w(OCoLC)26003723
=856  40$uhttp://hdl.handle.net/2333.1/vt4b8sxz 
=880  1\$6100-01$aمغنية، محمد جواد،$d1904-1979.
=880  10$6240-02$aفقه على المذاهب الخمسة.$kSelections
=880  12$6245-03$aالحج على مختلف المذاهب.
=880  \\$6250-04$aالطبعة 1.
=880  \\$6260-05$a[تهران] :$bمنظمة الاعلام الاسلامي، قسم العلاقات الدولية،$c1403 [1982 or 1983]
=959  \\$aNNU$bWEB$cGENI$t0$mElectronic access$s01
=999  \\$iNjP_442162$o(OCoLC)ocm26003723$sprinceton_aco003498:$e(ERROR-880)$sprinceton_aco003498:

