=LDR  02847nam a2200421Mi 4500
=001  487232
=003  NjP
=006  m\\\\\\\\d\\\\\\\\
=007  cr\cn\|||m|||a
=008  210211m19391960xx\h\\\\ob\\\\000\0\ara\\
=040  \\$aZYU$bara$erda$cZYU
=050  00$aB753.G33$bI54
=100  1\$6880-01$aFayḍ al-Kāshī, Muḥammad ibn Murtaḍá,$d1598 or 1599-1680 or 1681.
=245  13$6880-02$aal-Maḥajjah al-bayḍāʼ fī tahdhīb al-Iḥyāʼ /$ctaʼlīf Muḥammad ibn al-Murtaḍá al-madʻū bi-al-Mawlá Muḥsin al-Kāshānī ; ṣaḥḥaḥahu wa-ʻallaqa ʻalayhi ʻAlī Akbar al-Ghaffārī.
=260  \\$6880-03$aṬihrān :$bMaktabat al-Ṣadūq,$c1939-42 [1960-63 or 4]
=300  \\$aonline resource (8 volumes) :$bfacsimiles
=336  \\$atext$2rdacontent
=337  \\$acomputer$2rdamedia
=338  \\$aonline resource$2rdacarrier
=500  \\$aRomanized.
=500  \\$aPart of the Arabic Collections Online (ACO) project, contributed by Princeton University Libraries.
=504  \\$aIncludes bibliographical references (v. 1, pages 36-38).
=533  \\$aElectronic reproduction.$bNew York, N.Y. :$cNew York University,$d2021.$5NNU
=600  00$6880-04$aGhazzālī,$d1058-1111.$tIḥyāʼ ʻulūm al-dīn.
=630  07$aIḥyāʼ ʻulūm al-dīn (Ghazzālī)$2fast$0(OCoLC)fst01365605
=700  1\$6880-05$aGhaffārī, ʻAlī Akbar,$eeditor.
=710  2\$aPrinceton University.$bLibrary.
=730  0\$aArabic Collections Online.
=776  08$iOnline version:$aFayḍ al-Kāshī, Muḥammad ibn Murtaḍá, 1598 or 9-1680 or 81.$tMaḥajjah al-bayḍāʼ fī tahdhīb al-Iḥyāʼ.$d1939-42 [1960-63 or 4]$w(OCoLC)636866052
=776  08$iPrint version:$aFayḍ al-Kāshī, Muḥammad ibn Murtaḍá, 1598 or 1599-1680 or 1681.$tal-Maḥajjah al-bayḍāʼ fī tahdhīb al-Iḥyāʼ$w(NjP)487232$w(DLC)ne 64000354 $w(OCoLC)23491786
=856  40$uhttp://hdl.handle.net/2333.1/kprr57jf 
=880  1\$6100-01$aفيض الكاشي، محمد بن مرتضى،$d1598 or 1599-1680 or 1681.
=880  13$6245-02$aالمحجة البيضاء في تهذيب الإحياء /$cتأليف محمد بن المربضى المدعو بالمولى محسن الكاشاني ؛ صححه وعلق عليه علي أكبر الغفاري.
=880  \\$6260-03$aطهران :$bمكتبة الصدوق، 1939-42 [1960-63 or 4]
=880  04$6600-04$aغزالي.$tإحياء علوم الدين.
=880  1\$6700-05$aغفاري، علي أكبر.
=959  \\$aNNU$bWEB$cGENI$t0$mElectronic access$s01
=999  \\$iNjP_487232$o(OCoLC)ocm23491786$sprinceton_aco004087:juz 1-2$sprinceton_aco004088:juz 3-4$sprinceton_aco004093:juz 5-6$sprinceton_aco004094:juz 7-8$e(ERROR-880)$sprinceton_aco004087:juz 1-2$sprinceton_aco004088:juz 3-4$sprinceton_aco004093:juz 5-6$sprinceton_aco004094:juz 7-8

