=LDR  02682nam a2200469Mi 4500
=001  456144
=003  NjP
=006  m\\\\\\\\d\\\\\\\\
=007  cr\cn\|||m|||a
=008  210211s1973\\\\ir\\\\\\ob\\\\000\0\ara\d
=040  \\$aZYU$bara$erda$cZYU
=050  \4$aBP173.4$b.K35 1973
=100  1\$6880-01$aKarakī, Ḥasan ibn ʻAlī,$dactive 16th century.
=245  10$6880-02$aAṭāʼib al-kalim fī bayān ṣilat al-raḥim /$cḤasan ibn ʻAlī ibn ʻAbd al-ʻAlī al-Karakī al-ʻĀmilī ; iʻdād Aḥmad al-Ḥusaynī.
=250  \\$6880-03$aal-Ṭabʻah 1.
=260  \\$6880-04$a[Qum] :$bMaktabat Āyat Allāh al-Marʻashī al-ʻĀmmah,$c1394 [1973 or 1974]
=300  \\$aonline resource (47 pages)
=336  \\$atext$2rdacontent
=337  \\$acomputer$2rdamedia
=338  \\$aonline resource$2rdacarrier
=490  1\$6880-05$aMin makhṭūṭāt Maktabat Āyah Allāh al-Marʻashī al-ʻĀmmah ;$v1
=500  \\$aPart of the Arabic Collections Online (ACO) project, contributed by Princeton University Libraries.
=504  \\$aIncludes bibliographical references.
=533  \\$aElectronic reproduction.$bNew York, N.Y. :$cNew York University,$d2021.$5NNU
=650  \0$aKinship (Islamic law)$vEarly works to 1800.
=650  \7$aKinship (Islamic law)$2fast$0(OCoLC)fst00987786
=655  \7$aEarly works.$2fast$0(OCoLC)fst01411636
=700  1\$6880-06$aḤusaynī, Aḥmad ibn Aḥmad,$d1854-1914.
=710  2\$aPrinceton University.$bLibrary.
=730  0\$aArabic Collections Online.
=776  08$iPrint version:$aKarakī, Ḥasan ibn ʻAlī, active 16th century.$tAṭāʼib al-kalim fī bayān ṣilat al-raḥim$w(NjP)456144$w(OCoLC)25829455
=830  \0$6880-07$aMin makhṭūṭāt Maktabat Āyah Allāh al-Marʻashī al-ʻĀmmah ;$v1.
=856  40$uhttp://hdl.handle.net/2333.1/3j9kdg0f 
=880  1\$6100-01$aكركي، حسن بن علي.
=880  10$6245-02$aاطائب الكلم في بيان صلة الرحم /$cحسن بن علي بن عبد العالي الكركي العاملي ؛ أعداد أحمدالحسيني.
=880  \\$6250-03$aالطبعة ١.
=880  \\$6260-04$a[قم] :$bمكتبة آية الله المرعشي العامة،$c1394 [1973 or 1974]
=880  1\$6490-05$aمن مخطوطات مكتبة آية الله المرعشي العامة ؛$v١
=880  1\$6700-06$aحسيني، احمد بن احمد،$d1854-1914.
=880  \0$6830-07$aمن مخطوطات مكتبة آية الله المرعشي العامة ؛$v1.
=959  \\$aNNU$bWEB$cGENI$t0$mElectronic access$s01
=999  \\$iNjP_456144$o(OCoLC)ocm25829455$sprinceton_aco003435:$e(ERROR-880)$sprinceton_aco003435:

