=LDR  02179nam a2200397Mi 4500
=001  548834
=003  NjP
=006  m\\\\\\\\d\\\\\\\\
=007  cr\cn\|||m|||a
=008  210211s1985\\\\ir\\\\\\o\\\\\000\0\arar\
=040  \\$aZYU$bara$erda$cZYU
=050  00$aBP194$b.S92 1985
=100  1\$6880-01$aSubḥānī, Jaʻfar.
=245  10$6880-02$aTahdhīb al-uṣūl :$btaqrīran li-baḥth ... Rūh Allāh al-Mūsawī al-Khumaynī /$cbi-qalam Jaʻfar al-Subḥānī al-Tabrīzī.
=260  \\$6880-03$aQum, Īrān :$bMuʼassasat Ismāʻīlīyān,$c[1985?]
=300  \\$aonline resource (3 volumes)
=336  \\$atext$2rdacontent
=337  \\$acomputer$2rdamedia
=338  \\$aonline resource$2rdacarrier
=500  \\$aPart of the Arabic Collections Online (ACO) project, contributed by Princeton University Libraries.
=533  \\$aElectronic reproduction.$bNew York, N.Y. :$cNew York University,$d2021.$5NNU
=600  10$6880-04$aKhomeini, Ruhollah.
=650  \0$aShīʻah$xDoctrines.
=600  17$aKhomeini, Ruhollah.$2fast$0(OCoLC)fst00044181
=650  \7$aShīʻah$xDoctrines.$2fast$0(OCoLC)fst01117948
=710  2\$aPrinceton University.$bLibrary.
=730  0\$aArabic Collections Online.
=776  08$iOnline version:$aSubḥānī, Jaʻfar.$tTahdhīb al-uṣūl.$dQum, Irān : Muʼassast Ismāʻīlīyah, [198-?]$w(OCoLC)573059606
=776  08$iPrint version:$aSubḥānī, Jaʻfar.$tTahdhīb al-uṣūl$w(NjP)548834$w(DLC) 86930954 $w(OCoLC)20636961
=856  40$uhttp://hdl.handle.net/2333.1/vq83bw7b 
=880  1\$6100-01$aسبحاني، جعفر.
=880  10$6245-02$aتهذيب الأصول :$bتقريرا ًلبحث ... روح الله الموسوي الخميني /$cبقلم جعفر السبحاني التبريزي.
=880  \\$6260-03$aقم، ايران :$bمؤسسة اسماعيليان،$c[1985؟]
=880  14$6600-04$aخميني، روح الله.
=959  \\$aNNU$bWEB$cGENI$t0$mElectronic access$s01
=999  \\$iNjP_548834$o(OCoLC)ocm20636961$sprinceton_aco003445:juz 1$sprinceton_aco003426:juz 2$sprinceton_aco003474:juz 3$sprinceton_aco003445:juz 1$sprinceton_aco003426:juz 2$sprinceton_aco003474:juz 3

