=LDR  02524nam a2200457Mi 4500
=001  2429250
=003  NjP
=006  m\\\\\\\\d\\\\\\\\
=007  cr\cn\|||m|||a
=008  210211s1958\\\\ua\\\\\\ob\\\\000\0\arard
=040  \\$aZYU$bara$erda$cZYU
=043  \\$aa-sy---$aa-le---
=050  \4$aHG3258$b.M87 1958
=100  1\$6880-01$aMursī, Fuʼād.
=245  10$6880-02$aMuḥāḍarāt ʻan al-nuqūd wa-al-bunūk fī al-bilʻad al-ʻArabīyah, Sūrīyah wa-Lubān /$calqāhā Fuʻād Mursī.
=260  \\$6880-03$a[Cairo] :$bJāmiʻat al-Duwal al-ʻArabīyah, Maʻhad al-Dirāsāt al-ʻArabīyah al-ʻĀliyah,$c1958.
=300  \\$aonline resource (88 pages)
=336  \\$atext$2rdacontent
=337  \\$acomputer$2rdamedia
=338  \\$aonline resource$2rdacarrier
=500  \\$aPart of the Arabic Collections Online (ACO) project, contributed by Princeton University Libraries.
=504  \\$aIncludes bibliographical references.
=533  \\$aElectronic reproduction.$bNew York, N.Y. :$cNew York University,$d2021.$5NNU
=650  \0$aBanks and banking$zSyria.
=650  \0$aBanks and banking$zLebanon.
=650  \0$aMoney$zSyria.
=650  \0$aMoney$zLebanon.
=650  \7$aBanks and banking.$2fast$0(OCoLC)fst00826867
=650  \7$aMoney.$2fast$0(OCoLC)fst01025265
=651  \7$aLebanon.$2fast$0(OCoLC)fst01206063
=651  \7$aSyria.$2fast$0(OCoLC)fst01208757
=710  2\$aPrinceton University.$bLibrary.
=730  0\$aArabic Collections Online.
=776  08$iOnline version:$aMursī, Fuʻād.$tMuḥāḍarāt ʻan al-nuqūd wa-al-bunūk fī al-bilʻad al-ʻArabīyah, Sūrīyah wa-Lubān.$d[Cairo] : Jāmiʻat al-Duwal al-ʻArabīyah, Maʻhad al-Dirāsāt al-ʻArabīyah al-ʻĀliyah, 1958$w(OCoLC)1103329802
=776  08$iPrint version:$aMursī, Fuʼād.$tMuḥāḍarāt ʻan al-nuqūd wa-al-bunūk fī al-bilʻad al-ʻArabīyah, Sūrīyah wa-Lubān$w(NjP)2429250$w(OCoLC)47925466
=856  40$uhttp://hdl.handle.net/2333.1/qjq2c5sr 
=880  1\$6100-01$aمرسي، فؤاد.
=880  10$6245-02$aمحاضرات عن النقود والبنوك في البلاد العربية، سورية ولبنان /$cالقاها فؤاد مرسي.
=880  \\$6260-03$a[القاهرة] :$bجامعة الدول العربية، معهد الدراسات العربية العالية،$c1958.
=959  \\$aNNU$bWEB$cGENI$t0$mElectronic access$s01
=999  \\$iNjP_2429250$o(OCoLC)ocm47925466$sprinceton_aco004123:$e(ERROR-880)$sprinceton_aco004123:

