=LDR  01597nam a2200361Mi 4500
=001  386611
=003  NjP
=006  m\\\\\\\\d\\\\\\\\
=007  cr\cn\|||m|||a
=008  210211s1954\\\\sy\\\\\\o\\\\\000\0\ara\d
=040  \\$aZYU$bara$erda$cZYU
=050  14$aPJ6095$b.N34 1954
=100  1\$6880-01$aNakhlah, Rufāʼīl.
=245  10$6880-02$aGharāʼib al-lughah al-ʻArabīyah /$cbi-qalam Rufāʼīl Nakhlah.
=260  \\$6880-03$a[Aleppo?] :$bR. Nakhlah,$c1954.
=300  \\$aonline resource (136 pages)
=336  \\$atext$2rdacontent
=337  \\$acomputer$2rdamedia
=338  \\$aonline resource$2rdacarrier
=500  \\$aPart of the Arabic Collections Online (ACO) project, contributed by Princeton University Libraries.
=533  \\$aElectronic reproduction.$bNew York, N.Y. :$cNew York University,$d2021.$5NNU
=650  \0$aArabic language$vMiscellanea.
=650  \7$aArabic language.$2fast$0(OCoLC)fst00812287
=655  \7$aTrivia and miscellanea.$2fast$0(OCoLC)fst01921748
=710  2\$aPrinceton University.$bLibrary.
=730  0\$aArabic Collections Online.
=776  08$iPrint version:$aNakhlah, Rufāʼīl.$tGharāʼib al-lughah al-ʻArabīyah$w(NjP)386611$w(OCoLC)54291970
=856  40$uhttp://hdl.handle.net/2333.1/0gb5mwj1 
=880  1\$6100-01$aنخلة، رفائيل.
=880  10$6245-02$aغرائب اللغة العربية /$cبقلم رفائيل نخله.
=880  \\$6260-03$a[حلب؟] :$bر. نخله،$c1954.
=959  \\$aNNU$bWEB$cGENI$t0$mElectronic access$s01
=999  \\$iNjP_386611$o(OCoLC)ocm54291970$sprinceton_aco002788$sprinceton_aco002788

