=LDR  02585nam a2200469Mi 4500
=001  441593
=003  NjP
=006  m\\\\\\\\d\\\\\\\\
=007  cr\cn\|||m|||a
=008  210211s1984\\\\ir\\\\\\ob\\\\000\0\ara\d
=040  \\$aZYU$bara$erda$cZYU
=043  \\$af------$aa------
=050  \4$aKBP634.4$b.S53x 1984
=100  0\$6880-01$aShaykh al-Sharīʻah al-Aṣfahānī,$d1850-1920 or 1921.
=245  10$6880-02$aIbānat al-mukhtār fī irth al-zawjah /$cli-shaykh al-fuqahāʼ Shaykh al-Sharīʻah al-Iṣfahānī. wa-Talīhi rasāʼil thalāth ; [taḥqīq Muḥammad al-Fāḍil al-Qāʼīnī].
=246  3\$6880-03$aṢiyānat al-ibānah
=260  \\$6880-04$aQum :$bDār al-Qurʼān al-karīm,$c1405 [1984 or 1985]
=300  \\$aonline resource (4, 204 pages)
=336  \\$atext$2rdacontent
=337  \\$acomputer$2rdamedia
=338  \\$aonline resource$2rdacarrier
=500  \\$aTitle from cover: Ṣiyānat al-ibānah.
=500  \\$aPart of the Arabic Collections Online (ACO) project, contributed by Princeton University Libraries.
=504  \\$aIncludes bibliographical references.
=533  \\$aElectronic reproduction.$bNew York, N.Y. :$cNew York University,$d2021.$5NNU
=650  \0$aWidow's allowance$zIslamic countries.
=650  \0$aInheritance and succession (Islamic law)
=650  \7$aInheritance and succession (Islamic law)$2fast$0(OCoLC)fst00973401
=650  \7$aWidow's allowance.$2fast$0(OCoLC)fst01174931
=651  \7$aIslamic countries.$2fast$0(OCoLC)fst01244130
=700  1\$6880-05$aQāʼīnī al-Najafī, Muḥammad Fāḍil.
=710  2\$aPrinceton University.$bLibrary.
=730  0\$aArabic Collections Online.
=776  08$iPrint version:$aShaykh al-Sharīʻah al-Aṣfahānī, 1850-1920 or 1921.$tIbānat al-mukhtār fī irth al-zawjah$w(NjP)441593$w(OCoLC)25296612
=856  40$uhttp://hdl.handle.net/2333.1/q2bvqk75 
=880  0\$6100-01$aشيخ الشريعة الاصفهاني،$d1850-1920 or 1921.
=880  10$6245-02$aابانة المختار في ارث الزوجة /$cلشيخ الفقهاء شيخ الشريعة الاصفهاني. وتليه رسائل ثلاث ؛ [تحقيق محمد الفاضل القائيني].
=880  3\$6246-03$aصيانة الابانة
=880  \\$6260-04$aقم :$bدار القرآن الكريم،$c1405 [1984 or 1985]
=880  1\$6700-05$aقائينى النجفى، محمد فاضل.
=959  \\$aNNU$bWEB$cGENI$t0$mElectronic access$s01
=999  \\$iNjP_441593$o(OCoLC)ocm25296612$sprinceton_aco003443:$e(ERROR-880)$sprinceton_aco003443:

