=LDR  01736nam a2200373Mi 4500
=001  1354741
=003  NjP
=006  m\\\\\\\\d\\\\\\\\
=007  cr\cn\|||m|||a
=008  210211s1929\\\\ua\\\\\\ob\\\\000\0\arard
=040  \\$aZYU$bara$erda$cZYU
=050  \4$aPJ7503.A12$bI3 1929
=050  \4$aZ7052$b.I2 1930
=100  1\$6880-01$aIbn al-Nadīm, Muḥammad ibn Isḥāq,$dactive 987.
=245  13$6880-02$aal-Fihrist /$cli-Ibn al-Nadīm.
=260  \\$6880-03$aMiṣr :$bal-Maktabah al-Tijārīyah al-Kubrá,$c1348 [1929 or 1930]
=300  \\$aonline resource (528, 8 pages)
=336  \\$atext$2rdacontent
=337  \\$acomputer$2rdamedia
=338  \\$aonline resource$2rdacarrier
=500  \\$aPart of the Arabic Collections Online (ACO) project, contributed by Princeton University Libraries.
=533  \\$aElectronic reproduction.$bNew York, N.Y. :$cNew York University,$d2021.$5NNU
=650  \0$aArabic literature$vBibliography.
=650  \7$aArabic literature.$2fast$0(OCoLC)fst00812478
=655  \7$aBibliographies.$2fast$0(OCoLC)fst01919895
=710  2\$aPrinceton University.$bLibrary.
=730  0\$aArabic Collections Online.
=776  08$iPrint version:$aIbn al-Nadīm, Muḥammad ibn Isḥāq, active 987.$tal-Fihrist$w(NjP)1354741$w(OCoLC)15597763
=856  40$uhttp://hdl.handle.net/2333.1/cvdncvtt 
=880  1\$6100-01$aابن النديم، محمد بن اسحاق،$dactive 987.
=880  12$6245-02$aالفهرست /$cلاابن النديم.
=880  \\$6260-03$aمصر :$bالمكتبة التجارية الكبرى،$c1348 [1929 or 1930]
=959  \\$aNNU$bWEB$cGENI$t0$mElectronic access$s01
=999  \\$iNjP_1354741$o(OCoLC)ocm15597763$sprinceton_aco004598:$e(ERROR-880)$sprinceton_aco004598:

