=LDR  02187nam a2200457Mi 4500
=001  1027627
=003  NjP
=006  m\\\\\\\\d\\\\\\\\
=007  cr\cn\|||m|||a
=008  210211s1989\\\\ir\\\\\\ob\\\\000\0\ara\d
=040  \\$aZYU$bara$erda$cZYU
=043  \\$af------$aa------
=050  14$aLB1115$b.T545 1989
=245  03$6880-01$aal-Ṭifl :$bnushūʼuhu wa-tarbiyatuh /$c[al-taʼlīf wa-al-tanẓīm: Qism al-Aṭfāl wa-al-Nāshiʼīn li-Muʼassasat al-Biʻthah].
=250  \\$6880-02$aal-Ṭabʻah 1.
=260  \\$6880-03$aṬihrān :$bal-Qism,$c1410 [1989 or 1990]
=300  \\$aonline resource (390 pages)
=336  \\$atext$2rdacontent
=337  \\$acomputer$2rdamedia
=338  \\$aonline resource$2rdacarrier
=500  \\$aPart of the Arabic Collections Online (ACO) project, contributed by Princeton University Libraries.
=504  \\$aIncludes bibliographical references.
=533  \\$aElectronic reproduction.$bNew York, N.Y. :$cNew York University,$d2021.$5NNU
=650  \0$aChild development$zIslamic countries.
=650  \0$aChild psychology$zIslamic countries.
=650  \0$aChildren$zIslamic countries.
=650  \7$aChild development.$2fast$0(OCoLC)fst00854393
=650  \7$aChild psychology.$2fast$0(OCoLC)fst00854540
=650  \7$aChildren.$2fast$0(OCoLC)fst00854835
=651  \7$aIslamic countries.$2fast$0(OCoLC)fst01244130
=710  2\$6880-04$aBunyād-i Biʻs̲at.$bVāḥid-i Kūdakān va Nawjavānān.
=710  2\$aPrinceton University.$bLibrary.
=730  0\$aArabic Collections Online.
=776  08$iPrint version:$tal-Ṭifl$w(NjP)1027627$w(OCoLC)34094838
=856  40$uhttp://hdl.handle.net/2333.1/2z34txn5 
=880  00$6245-01$aالطفل :$bنشوؤه وتربيته /$c[التأليف والتنظيم: قسم الأطفال والناشئين لمؤسسة البعثة].
=880  \\$6250-02$aالطبعة 1.
=880  \\$6260-03$aطهران :$bالقسم،$c١٤١٠ [1989 or 1990]
=880  2\$6710-04$aبنياد بعثت.$bواحد كودكان و نوجوانان.
=959  \\$aNNU$bWEB$cGENI$t0$mElectronic access$s01
=999  \\$iNjP_1027627$o(OCoLC)ocm34094838$sprinceton_aco004692:$sprinceton_aco004692:

