=LDR  02155nam a2200433Mi 4500
=001  1301070
=003  NjP
=006  m\\\\\\\\d\\\\\\\\
=007  cr\cn\|||m|||a
=008  210211s1950\\\\iq\\\\\\o\\\\\000\0\arard
=040  \\$aZYU$bara$erda$cZYU
=050  \4$aBP193.16.A2$bH55x 1950
=100  1\$6880-01$aQummī, ʻAbd Allāh ibn Jaʻfar,$d-approximately 922.
=245  10$6880-02$aQurb al-isnād /$ctaʼlīf Abī al-ʻAbbās ʻAbd Allāh ibn Jaʻfar al-Ḥimyārī ...
=250  \\$6880-03$aal-Ṭabʻah 1.
=260  \\$6880-04$aal-Najaf :$bal-Maṭbaʻah al-Ḥaydarīyah,$c1950.
=300  \\$aonline resource (33, 234 pages)
=336  \\$atext$2rdacontent
=337  \\$acomputer$2rdamedia
=338  \\$aonline resource$2rdacarrier
=500  \\$aPart of the Arabic Collections Online (ACO) project, contributed by Princeton University Libraries.
=533  \\$aElectronic reproduction.$bNew York, N.Y. :$cNew York University,$d2021.$5NNU
=600  00$aJaʻfar al-Ṣādiq,$d702?-765 or 766$xHadith.
=600  00$aMūsá al-Kāẓim ibn Jaʻfar,$d745?-799$xHadith.
=650  \0$aHadith (Shiites)
=600  07$aJaʻfar al-Ṣādiq,$d702?-765 or 766$2fast$0(OCoLC)fst01826713
=600  07$aMūsá al-Kāẓim ibn Jaʻfar,$d745?-799$2fast$0(OCoLC)fst00160385
=650  \7$aHadith.$2fast$0(OCoLC)fst00950112
=650  \7$aHadith (Shiites)$2fast$0(OCoLC)fst00950138
=710  2\$aPrinceton University.$bLibrary.
=730  0\$aArabic Collections Online.
=776  08$iPrint version:$aQummī, ʻAbd Allāh ibn Jaʻfar, -approximately 922.$tQurb al-isnād$w(NjP)1301070$w(OCoLC)24020098
=856  40$uhttp://hdl.handle.net/2333.1/69p8d88n 
=880  1\$6100-01$aقمى، عبد الله بن جعفر،$d-approximately 922.
=880  10$6245-02$aقرب الإسناد /$cتأليف ابي العباس عبد الله بن جعفر الحمياري ...
=880  \\$6250-03$aالطبعة 1.
=880  \\$6260-04$aالنجف :$bالمطبعة الحيدرية،$c1950.
=959  \\$aNNU$bWEB$cGENI$t0$mElectronic access$s01
=999  \\$iNjP_1301070$o(OCoLC)ocm24020098$sprinceton_aco003214$e(ERROR-880)$sprinceton_aco003214

