=LDR  02010nam a2200409Mi 4500
=001  451700
=003  NjP
=006  m\\\\\\\\d\\\\\\\\
=007  cr\cn\|||m|||a
=008  210211s1982\\\\ir\\\\\\od\\\\000\0\arar\
=040  \\$aZYU$bara$erda$cZYU
=041  0\$aara$aper
=050  04$aPK6381.A7$bJ34 1982
=100  1\$6880-01$aJahānbakhsh, Valī Allāh.
=245  10$6880-02$aFarhang-i biyān :$blughāt-i ʻArabī - Fārsī, lughāt-i Fārsī - ʻArabī /$cValī Allāh Jahānbakhsh.
=260  \\$6880-03$aTihrān :$bDunyā-yi Maṭbūʻāt va Intishārāt-i Ḥujjatī,$c1361 [1982]
=300  \\$aonline resource (964 pages)
=336  \\$atext$2rdacontent
=337  \\$acomputer$2rdamedia
=338  \\$aonline resource$2rdacarrier
=500  \\$aArabic and Persian.
=500  \\$aPart of the Arabic Collections Online (ACO) project, contributed by Princeton University Libraries.
=533  \\$aElectronic reproduction.$bNew York, N.Y. :$cNew York University,$d2021.$5NNU
=650  \0$aPersian language$vDictionaries$xArabic.
=650  \0$aArabic language$vDictionaries$xPersian.
=650  \7$aArabic language.$2fast$0(OCoLC)fst00812287
=650  \7$aPersian language.$2fast$0(OCoLC)fst01058466
=655  \7$aDictionaries.$2fast$0(OCoLC)fst01423826
=710  2\$aPrinceton University.$bLibrary.
=730  0\$aArabic Collections Online.
=776  08$iPrint version:$aJahānbakhsh, Valī Allāh.$tFarhang-i biyān$w(NjP)451700$w(DLC)  84194443 $w(OCoLC)11400566
=856  40$uhttp://hdl.handle.net/2333.1/bk3j9wf3 
=880  1\$6100-01$aجهانبخش، ولى الله.
=880  10$6245-02$aفرهنگ بىان :$bلغات عربى  فارسى، لغات فارسى  عربى /$cولى الله جهانبخش.
=880  \\$6260-03$aتهران :$bدنىاى مطبوعات و انتشارات حجتى،$c1361 [1982]
=959  \\$aNNU$bWEB$cGENI$t0$mElectronic access$s01
=999  \\$iNjP_451700$o(OCoLC)ocm11400566$sprinceton_aco002865$e(ERROR-880)$sprinceton_aco002865

