=LDR  01717nam a2200373Mi 4500
=001  1702172
=003  NjP
=006  m\\\\\\\\d\\\\\\\\
=007  cr\cn\|||m|||a
=008  210211s1963\\\\sy\\\\\\o\\\\\000\0\ararc
=040  \\$aZYU$bara$erda$cZYU
=050  \4$aBP136$b.S3 1963
=100  1\$6880-01$aṢāliḥ, Ṣubḥī.
=245  10$6880-02$aʻUlūm al-ḥadīth wa-muṣṭalaḥuhu :$bʻarḍ wa-dirāsah /$ctaʼlīf Subḥī al-Ṣāliḥ.
=250  \\$6880-03$aal-Ṭabʻah 2.
=260  \\$6880-04$aDimashq :$bMaṭbaʻat Jāmiʻat Dimashq,$c1963.
=300  \\$aonline resource (328 pages)
=336  \\$atext$2rdacontent
=337  \\$acomputer$2rdamedia
=338  \\$aonline resource$2rdacarrier
=500  \\$aPart of the Arabic Collections Online (ACO) project, contributed by Princeton University Libraries.
=533  \\$aElectronic reproduction.$bNew York, N.Y. :$cNew York University,$d2021.$5NNU
=650  \0$aHadith.
=650  \7$aHadith.$2fast$0(OCoLC)fst00950112
=710  2\$aPrinceton University.$bLibrary.
=730  0\$aArabic Collections Online.
=776  08$iPrint version:$aṢāliḥ, Ṣubḥī.$tʻUlūm al-ḥadīth wa-muṣṭalaḥuhu$w(NjP)1702172$w(DLC)ne 65000264 $w(OCoLC)28797310
=856  40$uhttp://hdl.handle.net/2333.1/vdnck43n 
=880  1\$6100-01$aصالح، صبحي.
=880  10$6245-02$aعلوم الحديث ومصطلحه :$bعرض ودراسة /$cتأليف صبحي الصالح.
=880  \\$6250-03$aالطبعة 2.
=880  \\$6260-04$aدمشق :$bمطبعة جامعة دمشق،$c1963.
=959  \\$aNNU$bWEB$cGENI$t0$mElectronic access$s01
=999  \\$iNjP_1702172$o(OCoLC)ocm28797310$sprinceton_aco003836:$e(ERROR-880)$sprinceton_aco003836:

