=LDR  02764nam a2200457Mi 4500
=001  1693773
=003  NjP
=006  m\\\\\\\\d\\\\\\\\
=007  cr\cn\|||m|||a
=008  210211s1969\\\\iq\\\\\\o\\\\\000\0\ara\d
=040  \\$aZYU$bara$erda$cZYU
=050  14$aBP189.26$bQ88
=100  1\$6880-01$aQushayrī, ʻAbd al-Karīm ibn Hawāzin,$d986-1072.
=245  10$6880-02$aʼArbaʻ rasāʼil fī ʼal-taṣawwuf /$cli-ʼAbī ʼal-Qāsim ʼal-Qus︠h︡ayrī ; [taḥqīq] Qāsim ʼal-Sāmarrāʼī.
=260  \\$6880-03$aBaghdād :$bal-Majmaʻ al-ʻIlmī ʼal-ʻIrāqī,$c1969.
=300  \\$aonline resource (87 pages)
=336  \\$atext$2rdacontent
=337  \\$acomputer$2rdamedia
=338  \\$aonline resource$2rdacarrier
=490  1\$6880-04$aMaṭbūʻāt ʼal-Majmaʻ ʼal-ʻIlmī ʼal-ʻIrāqī
=500  \\$a"Mustall min ʼal-mujalladayn ʼal-sābiʻ ʻas︠h︡ar wa-ʼal-t︠h︡āmin ʻas︠h︡ar min Majallat ʼal-Majmaʻ ʼal-ʻIlmī ʼal-ʻIrāqī"
=500  \\$aPart of the Arabic Collections Online (ACO) project, contributed by Princeton University Libraries.
=505  0\$aKitāb muk︠h︡taṣar fī ʼal-tawbah; Kitāb ʻibārāt ʼal-ṣūfīyah wa-maʻānīhā; Kitāb mant︠h︡ūr ʼal-k︠h︡iṭāb fī mas︠h︡hūr ʼal-ʼabwāb; ʼal-Qaṣīdah ʼal-Ṣūfīyah; Maṣādir ʼal-baḥt︠h︡.
=533  \\$aElectronic reproduction.$bNew York, N.Y. :$cNew York University,$d2021.$5NNU
=650  \0$aSufism$vEarly works to 1800.
=650  \7$aSufism.$2fast$0(OCoLC)fst01137257
=655  \7$aEarly works.$2fast$0(OCoLC)fst01411636
=700  1\$6880-05$aSāmarrāʼī, Qāsim.
=710  2\$aPrinceton University.$bLibrary.
=730  0\$aArabic Collections Online.
=776  08$iPrint version:$aQushayrī, ʻAbd al-Karīm ibn Hawāzin, 986-1072.$tʼArbaʻ rasāʼil fī ʼal-taṣawwuf$w(NjP)1693773$w(OCoLC)40553901
=830  \0$6880-06$aMaṭbūʻāt ʼal-Majmaʻ ʼal-ʻIlmī ʼal-ʻIrāqī.
=856  40$uhttp://hdl.handle.net/2333.1/w9ghxdmh 
=880  1\$6100-01$aقشيري، عبد الكريم بن هوازن،$d986-1072.
=880  10$6245-02$aأربع رسائل في التصوف /$cلأبي القاسم القشيري ؛ تحقيق وتقديم قاسم السامرائي.
=880  \\$6260-03$aبغداد :$bالمجمع العلمي العراقي،$c١٩٦٩.
=880  1\$6490-04$aمطبوعات المجمع العلمي العراقي
=880  1\$6700-05$aسامرائي، قاسم.
=880  \0$6830-06$aمطبوعات المجمع العلمي العراقي.
=959  \\$aNNU$bWEB$cGENI$t0$mElectronic access$s01
=999  \\$iNjP_1693773$o(OCoLC)ocm40553901$sprinceton_aco003216$e(ERROR-880)(ERROR-SERIES)$sprinceton_aco003216

