=LDR  02837nam a2200457Mi 4500
=001  399786
=003  NjP
=006  m\\\\\\\\d\\\\\\\\
=007  cr\cn\|||m|||a
=008  210211s1985\\\\ir\\\\\\ob\\\\001\0\ara\d
=040  \\$aZYU$bara$erda$cZYU
=050  \4$aBP193.1A3$bA25 1986
=100  1\$6880-01$aAbū Nuʻaym al-Iṣbahānī, Aḥmad ibn ʻAbd Allāh,$d948-1038.
=245  13$6880-02$aal-Nūr al-mushtaʻil min kitāb Mā nazala min al-Qurʼān fī ʻAlī ʻalayhi al-salām /$ctaʼlīf Aḥmad ibn ʻAbd Allāh ibn Aḥmad ibn Isḥāq al-maʻrūf bi-Abī Nuʻaym al-Iṣbahānī ; jamaʻahu wa-rattabahu wa-qaddama la-hu wa-ʻallaqa ʻalayhi Muḥammad Bāqir al-Maḥmūdī.
=246  3\$6880-03$aMā nazala min al-Qurʼān fī ʻAlī ʻalayhi al-salām
=250  \\$6880-04$aal-Ṭabʻah 1.
=260  \\$6880-05$a[Tehran] :$bWizārat al-Irshād al-Islāmī,$c1406 [1985 or 1986]
=300  \\$aonline resource (306 pages)
=336  \\$atext$2rdacontent
=337  \\$acomputer$2rdamedia
=338  \\$aonline resource$2rdacarrier
=500  \\$aTitle page vocalized.
=500  \\$aPart of the Arabic Collections Online (ACO) project, contributed by Princeton University Libraries.
=504  \\$aIncludes bibliographical references and index.
=533  \\$aElectronic reproduction.$bNew York, N.Y. :$cNew York University,$d2021.$5NNU
=600  00$aʻAlī ibn Abī Ṭālib,$cCaliph,$d660 (ca.)-681.
=630  00$aQurʼan.
=630  07$aQurʼan.$2fast$0(OCoLC)fst01842877
=700  1\$6880-06$aMaḥmūdī, Muḥammad Bāqir.
=710  2\$aPrinceton University.$bLibrary.
=730  0\$aArabic Collections Online.
=776  08$iPrint version:$aAbū Nuʻaym al-Iṣbahānī, Aḥmad ibn ʻAbd Allāh, 948-1038.$tal-Nūr al-mushtaʻil min kitāb Mā nazala min al-Qurʼān fī ʻAlī ʻalayhi al-salām$w(NjP)399786$w(OCoLC)22320423
=856  40$uhttp://hdl.handle.net/2333.1/mgqnkmdx 
=880  1\$6100-01$aابو نعيم الاصبهاني، احمد بن عبد الله،$d948-1038.
=880  12$6245-02$aالنور المشتعل من كتاب ما نزل من القرآن في علي عليه السلام /$cتأليف احمد بن عبد الله بن احمد بن اسحاق المعروف ببي نعيم الاصبهاني ؛ جمعه ورتبه وقدم له وعلق عليه محمد باقر المحمودي.
=880  3\$6246-03$aما نزل من القرآن في علي عليه السلام
=880  \\$6250-04$aالطبعة 1.
=880  \\$6260-05$a[تهران] :$bوزارة الارشاد الاسلامي،$c1406 [1985 or 1986]
=880  1\$6700-06$aمحمودي، محمد باقر.
=959  \\$aNNU$bWEB$cGENI$t0$mElectronic access$s01
=999  \\$iNjP_399786$o(OCoLC)ocm22320423$sprinceton_aco003141$e(ERROR-880)$sprinceton_aco003141

