=LDR  02470nam a2200469Mi 4500
=001  623091
=003  NjP
=006  m\\\\\\\\d\\\\\\\\
=007  cr\cn\|||m|||a
=008  210211m19889999ir\\\\\\o\\\\f000\0\ara\d
=040  \\$aZYU$bara$erda$cZYU
=041  1\$aara$hper
=050  \4$aBP166$b.M5712 1988
=100  1\$6880-01$aMiṣbāḥ Yazdī, Muḥammad Taqī.
=245  10$6880-02$aDurūs fī al-ʻaqīdah al-Islāmīyah /$ctaʼlīf Muḥammad Taqī Miṣbāḥ Yazdī.
=250  \\$6880-03$aal-Ṭabʻah al-ʻArabīyah 1.
=260  \\$6880-04$aṬihrān :$bMuʻāwanīyat al-ʻAlaqāt al-Dawlīyah fī Munaẓẓamat al-Iʻlām al-Islāmī,$c1988-
=300  \\$aonline resource (volumes.)
=336  \\$atext$2rdacontent
=337  \\$acomputer$2rdamedia
=338  \\$aonline resource$2rdacarrier
=490  1\$6880-05$aMunaẓẓamat al-Iʻlām al-Islāmī ;$v305
=500  \\$a" ... hādhā al-kitāb ullifa lil-tadrīs fī al-mustawá al-mutawassiṭ ..."--Page 12.
=500  \\$aPart of the Arabic Collections Online (ACO) project, contributed by Princeton University Libraries.
=533  \\$aElectronic reproduction.$bNew York, N.Y. :$cNew York University,$d2021.$5NNU
=650  \0$aIslam$xDoctrines.
=650  \7$aIslam$xDoctrines.$2fast$0(OCoLC)fst00979787
=710  2\$aPrinceton University.$bLibrary.
=730  0\$aArabic Collections Online.
=740  0\$6880-06$aʻAqīdah al-Islāmīyah.
=776  08$iPrint version:$aMiṣbāḥ Yazdī, Muḥammad Taqī.$tDurūs fī al-ʻaqīdah al-Islāmīyah$w(NjP)623091$w(OCoLC)61557344
=830  \0$6880-07$aMunaẓẓamat al-Iʻlām al-Islāmī ;$v305.
=856  40$uhttp://hdl.handle.net/2333.1/9p8czkxw 
=880  1\$6100-01$aمصباح يزدي، محمد تقي.
=880  10$6245-02$aدروس في العقيدة الاسلامية /$cتأليف محمد تقي مصباح اليزدي.
=880  \\$6250-03$aالطبعة العربية 1.
=880  \\$6260-04$aطهران :$bمعاونية العلقات الدولية في منظمة الاعلام الاسلامي،$c1988-
=880  1\$6490-05$aمنظمة الاعلام الاسلامي ؛$v305
=880  0\$6740-06$aعقيدة الاسلامية.
=880  \0$6830-07$aمنظمة الاعلام الاسلامي ؛$v305.
=959  \\$aNNU$bWEB$cGENI$t0$mElectronic access$s01
=999  \\$iNjP_623091$o(OCoLC)ocm61557344$sprinceton_aco002789:juz 1$e(ERROR-880)$sprinceton_aco002789:juz 1

