=LDR  01745nam a2200361Mi 4500
=001  7010935
=003  NjP
=006  m\\\\\\\\d\\\\\\\\
=007  cr\cn\|||m|||a
=008  210211s1927\\\\ua\b\\\\o\\\\\000\0\arar\
=040  \\$aZYU$bara$erda$cZYU
=050  \4$aD25$b.K47 1927
=100  1\$6880-01$aKhabbāz, Ḥannā.
=245  13$6880-02$aal-Maʻārik al-fāṣilah fī al-tārīkh /$ctaʼlīf Ḥannā Khabbāz.
=260  \\$6880-03$aMiṣr :$bIdārat al-Hilāl,$c1927.
=300  \\$aonline resource (216 pages) :$bmaps, portraits
=336  \\$atext$2rdacontent
=337  \\$acomputer$2rdamedia
=338  \\$aonline resource$2rdacarrier
=500  \\$aPart of the Arabic Collections Online (ACO) project, contributed by Princeton University Libraries.
=533  \\$aElectronic reproduction.$bNew York, N.Y. :$cNew York University,$d2021.$5NNU
=650  \0$aBattles.
=650  \7$aBattles.$2fast$0(OCoLC)fst00828915
=710  2\$aPrinceton University.$bLibrary.
=730  0\$aArabic Collections Online.
=776  08$iOnline version:$aKhabbāz, Ḥannā.$tMaʻārik al-fāṣilah fī al-tārīkh.$dMiṣr : Idārat al-Hilāl, 1927$w(OCoLC)565162285
=776  08$iPrint version:$aKhabbāz, Ḥannā.$tal-Maʻārik al-fāṣilah fī al-tārīkh$w(NjP)7010935$w(DLC)ne 68003543 $w(OCoLC)15721949
=856  40$uhttp://hdl.handle.net/2333.1/nzs7hf5d 
=880  1\$6100-01$aخباز، حنا.
=880  12$6245-02$aالمعارك الفاصلة في التاريخ /$cتأليف حنا خباز.
=880  \\$6260-03$aمصر :$bادارة الهلال،$c1927.
=959  \\$aNNU$bWEB$cGENI$t0$mElectronic access$s01
=999  \\$iNjP_7010935$o(OCoLC)ocm15721949$sprinceton_aco003658:$e(ERROR-880)$sprinceton_aco003658:

