=LDR  02364nam a2200397Mi 4500
=001  344637
=003  NjP
=006  m\\\\\\\\d\\\\\\\\
=007  cr\cn\|||m|||a
=008  210211s1908\\\\le\\\\\\o\\\\\000\0\ara\d
=040  \\$aZYU$bara$erda$cZYU
=050  \4$aPJ7840$b.J46 N7
=100  1\$6880-01$aJazāʼirī, Muḥammad ʻAbd al-Qādir ibn Muḥyī al-Dīn al-Ḥusnī,$eauthor.
=245  10$6880-02$aNukhbat ʻiqd al-ajyād fī al-ṣāfināt al-jīyād /$ctaʼlīf Muḥammad Najil ʻAbd al-Qādir al-Ḥusaynī al-Jazāʼirī.
=260  \\$6880-03$aBayrūt :$bal-Maṭbaʻah al-ahlīyah,$c[1908]
=300  \\$aonline resource (304 pages)
=336  \\$atext$2rdacontent
=337  \\$acomputer$2rdamedia
=338  \\$aonline resource$2rdacarrier
=500  \\$aPart of the Arabic Collections Online (ACO) project, contributed by Princeton University Libraries.
=520  \\$aA historical and pratical treatise on the Arab horse. Abridged by the author from his work entitled ʿIqd al-ajyād.
=533  \\$aElectronic reproduction.$bNew York, N.Y. :$cNew York University,$d2021.$5NNU
=650  \0$aHorses$vPoetry.
=650  \7$aHorses.$2fast$0(OCoLC)fst00960603
=655  \7$aPoetry.$2fast$0(OCoLC)fst01423828
=655  \7$aQuotations.$2fast$0(OCoLC)fst01423792
=710  2\$aPrinceton University.$bLibrary.
=730  0\$aArabic Collections Online.
=776  08$iOnline version:$aJazāʼirī, Muḥammad ibn ʻAbd al-Qādir, d 1913.$tNukhbat ʻiqd al-ajyād fī al-ṣāfināt al-jīyād.$dBayrūt, al-Maṭbaʻah al-ahlīyah, [1908]$w(OCoLC)586083643
=776  08$iPrint version:$aJazāʼirī, Muḥammad ʻAbd al-Qādir ibn Muḥyī al-Dīn al-Ḥusnī, author.$tNukhbat ʻiqd al-ajyād fī al-ṣāfināt al-jīyād$w(NjP)344637$w(OCoLC)67307852
=856  40$uhttp://hdl.handle.net/2333.1/1jwsv1mv 
=880  1\$6100-01$aجزائري، محمد عبد القادر بن محيي الدين الحسني.
=880  10$6245-02$aنخبة عقد الاجياد في الصافنات الجياد /$cتأليف محمد نجل عبد القادر الحسيني الجزائري.
=880  \\$6260-03$aبيروت :$bالمطبعة الاهلية،$c[1908]
=959  \\$aNNU$bWEB$cGENI$t0$mElectronic access$s01
=999  \\$iNjP_344637$o(OCoLC)ocm67307852$sprinceton_aco002835$e(ERROR-880)$sprinceton_aco002835

