=LDR  02799nam a2200493Mi 4500
=001  1117926
=003  NjP
=006  m\\\\\\\\d\\\\\\\\
=007  cr\cn\|||m|||a
=008  210211s1989\\\\ir\\\\\\ob\\\\000\0\ara\d
=040  \\$aZYU$bara$erda$cZYU
=050  14$aBP186.15$b.K323 1989
=100  1\$6880-01$aKaʻbī al-Ahwāzī, ʻAbd al-Zahrāʼ.
=245  10$6880-02$aFaḍl al-Jumʻah wa-al-jamāʻah /$cli-ʻAbd al-Zahrāʼ al-Kaʻbī al-Ahwāzī. Wa-talīhi Risālah fī ṣalāt al-Jumʻah / lil-Shahīd al-Thānī Zayn al-Dīn ibn ʻAlī al-Jubbaʻī al-ʻĀmilī.
=246  3\$6880-03$aRisālah fī ṣalāt al-Jumʻah
=250  \\$6880-04$aal-Ṭabʻah 1.
=260  \\$6880-05$a[Qom] :$bMuʼassasat al-Nashr al-Islāmī al-tābiʻah li-Jamāʻat al-Mudarrisīn bi-Qum al-Musharrafah,$c1410 [1989 or 1990]
=300  \\$aonline resource (71, 67 pages)
=336  \\$atext$2rdacontent
=337  \\$acomputer$2rdamedia
=338  \\$aonline resource$2rdacarrier
=500  \\$a"564-565."
=500  \\$aPart of the Arabic Collections Online (ACO) project, contributed by Princeton University Libraries.
=504  \\$aIncludes bibliographical references.
=533  \\$aElectronic reproduction.$bNew York, N.Y. :$cNew York University,$d2021.$5NNU
=650  \0$aJumʻah.
=650  \0$aSabbath.
=650  \0$aPrayer$xIslam.
=650  \7$aJumʻah.$2fast$0(OCoLC)fst00984834
=650  \7$aPrayer$xIslam.$2fast$0(OCoLC)fst01074698
=650  \7$aSabbath.$2fast$0(OCoLC)fst01102941
=700  12$6880-06$aShahīd al-Thānī, Zayn al-Dīn ibn ʻAlī,$d1506-1559.$tRisālah fī ṣalāt al-Jumʻah.
=710  2\$aPrinceton University.$bLibrary.
=730  0\$aArabic Collections Online.
=776  08$iPrint version:$aKaʻbī al-Ahwāzī, ʻAbd al-Zahrāʼ.$tFaḍl al-Jumʻah wa-al-jamāʻah$w(NjP)1117926$w(OCoLC)36463509
=856  40$uhttp://hdl.handle.net/2333.1/tb2rc03c 
=880  1\$6100-01$aكعبي الاهوازي، عبد الزهراء.
=880  10$6245-02$aفضل الجمعة والجماعة /$cلعبد الزهراء الكعبي الاهوازي. وتليه رسالة في صلاة الجمعة / للشهيد الثاني زين الدين بن علي الجبعي العاملي.
=880  3\$6246-03$aرسالة في صلاة الجمعة
=880  \\$6250-04$aالطبعة 1.
=880  \\$6260-05$a[قم] :$bمؤسسة النشر الاسلامي التابعة لجماعة المدرسين بقم المشرفة،$c1410 [1989 or 1990]
=880  12$6700-06$aشهيد الثاني، زين الدين بن علي،$d15061559.$tرسالة في صلاة الجمعة.
=959  \\$aNNU$bWEB$cGENI$t0$mElectronic access$s01
=999  \\$iNjP_1117926$o(OCoLC)ocm36463509$sprinceton_aco003004$e(ERROR-880)$sprinceton_aco003004

