=LDR  02093nam a2200397Mi 4500
=001  2835801
=003  NjP
=006  m\\\\\\\\d\\\\\\\\
=007  cr\cn\|||m|||a
=008  210211q19591960ir\\\\\\o\\\\\000\0\ara\d
=040  \\$aZYU$bara$erda$cZYU
=041  0\$aara$aper$hund
=050  \4$aBP178$b.R84 1959
=100  1\$6880-01$aRūḥānī, Aḥmad ibn Ṣādiq al-Ḥuṣaynī,$d1904-
=245  10$6880-02$aSirr al-saʻādah :$bba-zamīmeh-yi tarjameh yi ān Ramz-i nīkbakhtī, mutarjim /$cAbū al-Qāsim Dānish Āshtiyānī.
=260  \\$6880-03$aQumm :$bal-Maṭbaʻah al-ʻIlmiyah,$c1379 [1959/1960]
=300  \\$aonline resource (138 pages)
=336  \\$atext$2rdacontent
=337  \\$acomputer$2rdamedia
=338  \\$aonline resource$2rdacarrier
=500  \\$aPart of the Arabic Collections Online (ACO) project, contributed by Princeton University Libraries.
=533  \\$aElectronic reproduction.$bNew York, N.Y. :$cNew York University,$d2021.$5NNU
=546  \\$aIn Arabic and Persian.
=650  \0$aPrayer$xIslam.
=650  \7$aPrayer$xIslam.$2fast$0(OCoLC)fst01074698
=700  1\$6880-04$aDānish Āshtiyānī, Abū al-Qāsim ibn Muḥammad Taqī,$d1911-$etranslator.
=710  2\$aPrinceton University.$bLibrary.
=730  0\$aArabic Collections Online.
=776  08$iPrint version:$aRūḥānī, Aḥmad ibn Ṣādiq al-Ḥuṣaynī, 1904-$tSirr al-saʻādah$w(NjP)2835801$w(OCoLC)42943653
=856  40$uhttp://hdl.handle.net/2333.1/d51c5mzq 
=880  1\$6100-01$aروحاني، احمد بن صادق الحصيني،$d1904-
=880  10$6245-02$aسر السعادة :$bبزمىمهى ترجمه ى آن رمز نىکبختى، مترجم /$cابو القاسم دانش آشتىانى.
=880  \\$6260-03$aقم :$bالمطبعة العلمية،$c1379 [1959/1960]
=880  1\$6700-04$aدانش آشتىانى، ابو القاسم بن محمد تقى،$d1911-$etranslator.
=959  \\$aNNU$bWEB$cGENI$t0$mElectronic access$s01
=999  \\$iNjP_2835801$o(OCoLC)ocm42943653$sprinceton_aco003329:$e(ERROR-880)$sprinceton_aco003329:

