=LDR  02218nam a2200457Mi 4500
=001  1071932
=003  NjP
=006  m\\\\\\\\d\\\\\\\\
=007  cr\cn\|||m|||a
=008  210211s1988\\\\ir\\\\\\ob\\\\000\0bara\d
=040  \\$aZYU$bara$erda$cZYU
=041  1\$aara$hper
=050  \4$aBP193.13$b.I425 1988
=245  03$6880-01$aal-Imām al-thālith, al-Imām al-Ḥusayn, ʻalayhi al-salām /$c[al-muʼallif Lajnat al-Taḥrīr Fī Ṭarīq al-Ḥaqq].
=250  \\$6880-02$aal-Ṭabʻah 2.
=260  \\$6880-03$aQum :$bMuʼassasat Fī Ṭarīq al-Ḥaqq,$c1409 [1988 or 1989]
=300  \\$aonline resource (24 pages)
=336  \\$atext$2rdacontent
=337  \\$acomputer$2rdamedia
=338  \\$aonline resource$2rdacarrier
=500  \\$aCover title.
=500  \\$aPart of the Arabic Collections Online (ACO) project, contributed by Princeton University Libraries.
=504  \\$aIncludes bibliographical references.
=500  \\$aTranslated from the Persian.
=533  \\$aElectronic reproduction.$bNew York, N.Y. :$cNew York University,$d2021.$5NNU
=600  00$aḤusayn ibn ʻAlī,$d-680.
=650  \0$aImams (Shiites)$vBiography.
=600  07$aḤusayn ibn ʻAlī,$d-680$2fast$0(OCoLC)fst01825184
=650  \7$aImams (Shiites)$2fast$0(OCoLC)fst00967650
=655  \7$aBiographies.$2fast$0(OCoLC)fst01919896
=710  2\$6880-04$aDar Rāh-i Ḥaqq (Institute).$bHayʼat-i Taḥrīrīyah.
=710  2\$aPrinceton University.$bLibrary.
=730  0\$aArabic Collections Online.
=776  08$iPrint version:$tal-Imām al-thālith, al-Imām al-Ḥusayn, ʻalayhi al-salām$w(NjP)1071932$w(OCoLC)35185536
=856  40$uhttp://hdl.handle.net/2333.1/12jm6dxb 
=880  02$6245-01$aالامام الثالث، الامام الحسين، عليه السلام /$c[المؤلف لجنة التحرير في طريق الحق].
=880  \\$6250-02$aالطبعة 2.
=880  \\$6260-03$aقم :$bمؤسسة في طريق الحق،$c1409 [1988 or 1989]
=880  2\$6710-04$aدر راه حق (مؤسسه).$bهيئة تحريرية.
=959  \\$aNNU$bWEB$cGENI$t0$mElectronic access$s01
=999  \\$iNjP_1071932$o(OCoLC)ocm35185536$sprinceton_aco003108$e(ERROR-880)$sprinceton_aco003108

