=LDR  01919nam a2200409Mi 4500
=001  2834887
=003  NjP
=006  m\\\\\\\\d\\\\\\\\
=007  cr\cn\|||m|||a
=008  210211s1949\\\\ua\a\\\\ob\\\\000\0\arard
=040  \\$aZYU$bara$erda$cZYU
=043  \\$af-ua---
=050  \4$aDT96.4$b.H113
=100  1\$6880-01$aḤabashī, Ḥasan.
=245  13$6880-02$aal-Sharq al-ʻArabī bayna shaqqay al-raḥā :$bḥamlat al-Qiddīs Luwīs ʻalá Miṣr wa-al-Shām.
=260  \\$6880-03$a[Cairo] :$bDār al-Fikr al-ʻArabī,$c[1949]
=300  \\$aonline resource (129 pages) :$billustrations
=336  \\$atext$2rdacontent
=337  \\$acomputer$2rdamedia
=338  \\$aonline resource$2rdacarrier
=500  \\$aPart of the Arabic Collections Online (ACO) project, contributed by Princeton University Libraries.
=504  \\$aIncludes bibliographical references.
=533  \\$aElectronic reproduction.$bNew York, N.Y. :$cNew York University,$d2021.$5NNU
=651  \0$aEgypt$xHistory$yInvasion of Saint Louis, 1249.
=651  \7$aEgypt.$2fast$0(OCoLC)fst01208755
=647  \7$aInvasion of Egypt by Saint Louis$c(Egypt :$d1249)$2fast$0(OCoLC)fst01353419
=648  \7$a1249$2fast
=655  \7$aHistory.$2fast$0(OCoLC)fst01411628
=710  2\$aPrinceton University.$bLibrary.
=730  0\$aArabic Collections Online.
=776  08$iPrint version:$aḤabashī, Ḥasan.$tal-Sharq al-ʻArabī bayna shaqqay al-raḥā$w(NjP)2834887$w(OCoLC)42914954
=856  40$uhttp://hdl.handle.net/2333.1/t76hf29t 
=880  1\$6100-01$aحبشي، حسن.
=880  12$6245-02$aالشرق العربي بين شقي الرحا :$bحملة القديس لويس على مصر والشام.
=880  \\$6260-03$a[القاهرة] :$bدار الفكر العربي،$c[1949]
=959  \\$aNNU$bWEB$cGENI$t0$mElectronic access$s01
=999  \\$iNjP_2834887$o(OCoLC)ocm42914954$sprinceton_aco002301$sprinceton_aco002301

