=LDR  02246nam a2200517Mi 4500
=001  1454442
=003  NjP
=006  m\\\\\\\\d\\\\\\\\
=007  cr\cn\|||m|||a
=008  210211s1970\\\\iq\\\\\\obm\\\000\0\ara\d
=040  \\$aZYU$bara$erda$cZYU
=043  \\$aa-iq---
=090  \\$aPJ8040$b.M8 1970
=100  1\$6880-01$aMubārak, ʻAbd al-Ḥusayn.
=245  10$6880-02$aThawrat 1920 fī al-shiʻr al-ʻIrāqī /$cʻAbd al-Ḥusayn al-Mubārak.
=250  \\$6880-03$aal-Ṭabʻah 1.
=260  \\$6880-04$aBaghdād :$bMaṭbaʻat Dār al-Baṣrī,$c1970.
=300  \\$aonline resource (288 pages)
=336  \\$atext$2rdacontent
=337  \\$acomputer$2rdamedia
=338  \\$aonline resource$2rdacarrier
=500  \\$aPart of the Arabic Collections Online (ACO) project, contributed by Princeton University Libraries.
=533  \\$aElectronic reproduction.$bNew York, N.Y. :$cNew York University,$d2021.$5NNU
=546  \\$aIn Arabic.
=502  \\$bM.A.$cʻAyn Shams University
=504  \\$aIncludes bibliographical references (pages 261-276).
=651  \0$aIraq$xHistory$yRevolt, 1920$vPoetry.
=650  \0$aArabic poetry$zIraq.
=650  \7$aArabic poetry.$2fast$0(OCoLC)fst00812533
=651  \7$aIraq.$2fast$0(OCoLC)fst01205757
=647  \7$aRevolt$c(Iraq :$d1920)$2fast$0(OCoLC)fst01354446
=648  \7$a1920$2fast
=655  \7$aAcademic theses.$2fast$0(OCoLC)fst01726453
=655  \7$aHistory.$2fast$0(OCoLC)fst01411628
=655  \7$aPoetry.$2fast$0(OCoLC)fst01423828
=655  \7$aAcademic theses.$2lcgft
=710  2\$aPrinceton University.$bLibrary.
=730  0\$aArabic Collections Online.
=776  08$iPrint version:$aMubārak, ʻAbd al-Ḥusayn.$tThawrat 1920 fī al-shiʻr al-ʻIrāqī$w(NjP)1454442$w(OCoLC)42883652
=856  40$uhttp://hdl.handle.net/2333.1/n5tb32g5 
=880  1\$6100-01$aمبارک، عبد الحسين.
=880  10$6245-02$aثورة 1920 في الشعر العراقي /$cعبد الحسين المبارك.
=880  \\$6250-03$aالطبعة 1.
=880  \\$6260-04$aبغداد :$bمطبعة دار البصري،$c1970.
=959  \\$aNNU$bWEB$cGENI$t0$mElectronic access$s01
=999  \\$iNjP_1454442$o(OCoLC)ocm42883652$sprinceton_aco003865:$sprinceton_aco003865:

