=LDR  01777nam a2200349Mi 4500
=001  496458
=003  NjP
=006  m\\\\\\\\d\\\\\\\\
=007  cr\cn\|||m|||a
=008  210211s1976\\\\ir\\\\\\o\\\\\000\0\ara\d
=040  \\$aZYU$bara$erda$cZYU
=050  \4$aPJ6106$b.J37 1976
=100  1\$6880-01$aJamāl al-Dīn, Raʼūf.
=245  13$6880-02$aal-Muʻjib fī ʻilm al-naḥw :$byataḍammanu falsafat ʻilm al-naḥw wa-al-ḥurūf wafqa al-manhaj al-ʻilmī al-aṣīl /$cRaʼūf Jamāl al-Dīn.
=260  \\$6880-03$aQum, Īrān :$bDār al-Hijrah,$c[1976?]
=300  \\$aonline resource (228 pages)
=336  \\$atext$2rdacontent
=337  \\$acomputer$2rdamedia
=338  \\$aonline resource$2rdacarrier
=500  \\$aPart of the Arabic Collections Online (ACO) project, contributed by Princeton University Libraries.
=533  \\$aElectronic reproduction.$bNew York, N.Y. :$cNew York University,$d2021.$5NNU
=650  \0$aArabic language$xGrammar.
=650  \7$aArabic language$xGrammar.$2fast$0(OCoLC)fst00812341
=710  2\$aPrinceton University.$bLibrary.
=730  0\$aArabic Collections Online.
=776  08$iPrint version:$aJamāl al-Dīn, Raʼūf.$tal-Muʻjib fī ʻilm al-naḥw$w(NjP)496458$w(OCoLC)26520702
=856  40$uhttp://hdl.handle.net/2333.1/73n5tn44 
=880  1\$6100-01$aجمال الدين، روؤف.
=880  12$6245-02$aالمعجب في علم النحو :$bيتضمن فلسفة علم النحو والحروف وفق المنهج العلمي الاصيل /$cرأوف جمال الدين.
=880  \\$6260-03$aقم، ايران :$bدار الهجرة،$c[1976؟]
=959  \\$aNNU$bWEB$cGENI$t0$mElectronic access$s01
=999  \\$iNjP_496458$o(OCoLC)ocm26520702$sprinceton_aco002923$e(ERROR-880)$sprinceton_aco002923

