=LDR  01990nam a2200409Mi 4500
=001  851547
=003  NjP
=006  m\\\\\\\\d\\\\\\\\
=007  cr\cn\|||m|||a
=008  210211s1988\\\\ir\\\\\\o\\\\\000\0\ara\d
=040  \\$aZYU$bara$erda$cZYU
=050  \4$aBP166.93$b.T33 1988
=100  1\$6880-01$aTabrīzī, Abū Ṭālib Tajlīl.
=245  10$6880-02$aMan huwa al-Mahdī? (ʻa.) /$ctaʼlīf Abū Ṭālib al-Tajlīl al-Tabrīzī.
=250  \\$6880-03$aal-Ṭabʻah 2.
=260  \\$6880-04$aQum :$bMuʼassasat al-Nashr al-Islāmī al-tābiʻah li-Jamāʻat al-Mudarrisīn,$c1409 [1988 or 1989]
=300  \\$aonline resource (552 pages)
=336  \\$atext$2rdacontent
=337  \\$acomputer$2rdamedia
=338  \\$aonline resource$2rdacarrier
=500  \\$a"533."
=500  \\$aPart of the Arabic Collections Online (ACO) project, contributed by Princeton University Libraries.
=533  \\$aElectronic reproduction.$bNew York, N.Y. :$cNew York University,$d2021.$5NNU
=600  10$aMahdī, Muḥammad ibn al-Ḥasan,$d869-
=650  \0$aHadith.
=600  17$aMahdī, Muḥammad ibn al-Ḥasan,$d869-$2fast$0(OCoLC)fst01832274
=650  \7$aHadith.$2fast$0(OCoLC)fst00950112
=710  2\$aPrinceton University.$bLibrary.
=730  0\$aArabic Collections Online.
=776  08$iPrint version:$aTabrīzī, Abū Ṭālib Tajlīl.$tMan huwa al-Mahdī? (ʻa.)$w(NjP)851547$w(OCoLC)29531832
=856  40$uhttp://hdl.handle.net/2333.1/ngf1vtnz 
=880  1\$6100-01$aتبريزي، ابو طالب تجليل.
=880  10$6245-02$aمن هو المهدي؟ (ع.) /$cتأليف ابو طالب التجليل التبريزي.
=880  \\$6250-03$aالطبعة 2.
=880  \\$6260-04$aقم :$bمؤسسة النشر الاسلامي التابعة لجماعة المدرسين،$c1409 [1988 or 1989]
=959  \\$aNNU$bWEB$cGENI$t0$mElectronic access$s01
=999  \\$iNjP_851547$o(OCoLC)ocm29531832$sprinceton_aco002957$e(ERROR-880)$sprinceton_aco002957

