=LDR  02205nam a2200409Mi 4500
=001  2751019
=003  NjP
=006  m\\\\\\\\d\\\\\\\\
=007  cr\cn\|||m|||a
=008  210211s1951\\\\le\a\\\\o\\\\\000\p\ara\d
=040  \\$aZYU$bara$erda$cZYU
=050  \4$aPJ7866.R34$bA921
=100  1\$6880-01$aʻUrayyiḍ, Ibrāhīm.
=245  10$6880-02$aArḍ al-shuhadāʼ :$bmalḥamah shiʻrīyah ʻan maʼsāt Filasṭīn /$cIbrāhīm al-ʻUrayyid.
=260  \\$6880-03$aBayrūt :$bDār al-ʻilm lil-Malāyīn,$c1951.
=300  \\$aonline resource (144 pages) :$billustrations
=336  \\$atext$2rdacontent
=337  \\$acomputer$2rdamedia
=338  \\$aonline resource$2rdacarrier
=500  \\$aPoems.
=500  \\$aPart of the Arabic Collections Online (ACO) project, contributed by Princeton University Libraries.
=505  0\$6880-04$aFātiḥah -- Fī al-firdaws al-maḥfūẓ. Jabal al-Zaytūn --Nashīd al-anshād -- Bāb al-wād -- Haykal Sulaymān -- Qubbat al-Ṣakhrah.
=520  \\$aEpic poem on the the tragedy of Palestine by Bahraini poet Ibrāhīm al-ʻUrayyiḍ.
=533  \\$aElectronic reproduction.$bNew York, N.Y. :$cNew York University,$d2021.$5NNU
=650  \0$aJewish-Arab relations$vPoetry.
=650  \7$aJewish-Arab relations.$2fast$0(OCoLC)fst00983106
=655  \7$aPoetry.$2fast$0(OCoLC)fst01423828
=710  2\$aPrinceton University.$bLibrary.
=730  0\$aArabic Collections Online.
=776  08$iPrint version:$aʻUrayyiḍ, Ibrāhīm.$tArḍ al-shuhadāʼ$w(NjP)2751019$w(OCoLC)15505649
=856  40$uhttp://hdl.handle.net/2333.1/z34tn0p0 
=880  1\$6100-01$aعريض، ابراهيم.
=880  10$6245-02$aأرض الشهداء :$bملحمة شعرية عن مأساة فلسطين /$cابراهيم العريد.
=880  \\$6260-03$aبيروت :$bدار العلم للملايين،$c1951.
=880  0\$6505-04$aفاتحة -- في الفردوس المحفوظ. جبل الزيتون -- نشيد الانشاد -- باب الواد -- هيكل سليمان -- قبة الصخرة.
=959  \\$aNNU$bWEB$cGENI$t0$mElectronic access$s01
=999  \\$iNjP_2751019$o(OCoLC)ocm15505649$sprinceton_aco004227:$sprinceton_aco004227:

