=LDR  02305nam a2200457Mi 4500
=001  441674
=003  NjP
=006  m\\\\\\\\d\\\\\\\\
=007  cr\cn\|||m|||a
=008  210211s1983\\\\ir\\\\\\ob\\\\000\0\ara\d
=040  \\$aZYU$bara$erda$cZYU
=050  \4$aKBL0.14.W54$bA29 1983
=100  1\$6880-01$aAbū Zahrah, Muḥammad.
=245  13$6880-02$aal-Mīrāth ʻinda al-Jaʻfarīyah :$bmaʻa tarjamat al-Sayyid al-Imām Abū ʻAbd Allāh Jaʻfar al-Ṣādiq.
=260  \\$6880-03$a[Tehran] :$bMunaẓẓamat al-Iʻlām al-Iʻlāmī, Qism al-ʻAlāqāt al-Dawlīyah,$c1404 [1983 or 1984]
=300  \\$aonline resource (159 pages)
=336  \\$atext$2rdacontent
=337  \\$acomputer$2rdamedia
=338  \\$aonline resource$2rdacarrier
=500  \\$aPart of the Arabic Collections Online (ACO) project, contributed by Princeton University Libraries.
=504  \\$aIncludes bibliographical references.
=533  \\$aElectronic reproduction.$bNew York, N.Y. :$cNew York University,$d2021.$5NNU
=650  \0$aInheritance and succession (Islamic law)
=650  \0$aShiites.
=650  07$aErbe.$0(DE-588c)4152580-2$2swd
=650  07$aIslam.$0(DE-588c)4027743-4$2swd
=650  07$aNachfolge.$0(DE-588c)4225195-3$2swd
=650  07$aSchiiten.$0(DE-588c)4052455-3$2swd
=650  \7$aInheritance and succession (Islamic law)$2fast$0(OCoLC)fst00973401
=650  \7$aShiites.$2fast$0(OCoLC)fst01115976
=700  0\$6880-04$aJaʻfar al-Ṣādiq,$d702?-765 or 766.
=710  2\$aPrinceton University.$bLibrary.
=730  0\$aArabic Collections Online.
=776  08$iPrint version:$aAbū Zahrah, Muḥammad.$tal-Mīrāth ʻinda al-Jaʻfarīyah$w(NjP)441674$w(OCoLC)122882003
=856  40$uhttp://hdl.handle.net/2333.1/m905qrxm 
=880  1\$6100-01$aأبو زهرة، محمد.
=880  12$6245-02$aالميراث عند الجعفرية :$bمع ترجمة السيد الإمام أبو عبد الله جعفر الصادق.
=880  \\$6260-03$a[Tehran] :$bمنظمة الإعلام الإعلامي، قسم العلاقاف الدولية،$c1404 [1983 or 1984]
=880  0\$6700-04$aجعفر الصادق،$d702?-765 or 766.
=959  \\$aNNU$bWEB$cGENI$t0$mElectronic access$s01
=999  \\$iNjP_441674$o(OCoLC)ocn122882003$sprinceton_aco003650:$sprinceton_aco003650:

