=LDR  01924nam a2200397Mi 4500
=001  985889
=003  NjP
=006  m\\\\\\\\d\\\\\\\\
=007  cr\cn\|||m|||a
=008  210211s1990\\\\ir\\\\\\obd\\\000\0\ara\d
=040  \\$aZYU$bara$erda$cZYU
=050  14$aBP133$b.U848 1990
=100  1\$6880-01$aʻUṣfūr, Muḥsin.
=245  13$6880-02$aal-Murshid al-wajīz li-qurrāʼ kitāb Allāh al-ʻazīz /$ctaʼlīf Muḥsin Āl ʻUṣfūr.
=250  \\$6880-03$aal-Ṭabʻah 1.
=260  \\$6880-04$a[Iran] :$bM.Ā. ʻUṣfūr,$c1410 [1990]$e(Qum :$fal-Maṭbaʻah al-ʻIlmīyah)
=300  \\$aonline resource (264 pages)
=336  \\$atext$2rdacontent
=337  \\$acomputer$2rdamedia
=338  \\$aonline resource$2rdacarrier
=500  \\$aPart of the Arabic Collections Online (ACO) project, contributed by Princeton University Libraries.
=504  \\$aIncludes bibliographical references.
=533  \\$aElectronic reproduction.$bNew York, N.Y. :$cNew York University,$d2021.$5NNU
=630  00$aQurʼan$vDictionaries.$lArabic.
=630  07$aQurʼan.$2fast$0(OCoLC)fst01842877
=655  \7$aDictionaries.$2fast$0(OCoLC)fst01423826
=710  2\$aPrinceton University.$bLibrary.
=730  0\$aArabic Collections Online.
=776  08$iPrint version:$aʻUṣfūr, Muḥsin.$tal-Murshid al-wajīz li-qurrāʼ kitāb Allāh al-ʻazīz$w(NjP)985889$w(OCoLC)32884529
=856  40$uhttp://hdl.handle.net/2333.1/ksn0357c 
=880  1\$6100-01$aعصفور، محسن.
=880  12$6245-02$aالمرشد الوجيز لقراء كتاب الله العزيز /$cتأليف محسن آل عصفور.
=880  \\$6250-03$aالطبعة 1.
=880  \\$6260-04$a[ايران] :$bم.آ. عصفور،$c1410 [1990]$e(قم :$fالمطبعة العلمية)
=959  \\$aNNU$bWEB$cGENI$t0$mElectronic access$s01
=999  \\$iNjP_985889$o(OCoLC)ocm32884529$sprinceton_aco004017:$e(ERROR-880)$sprinceton_aco004017:

