=LDR  01894nam a2200433Mi 4500
=001  777921
=003  NjP
=006  m\\\\\\\\d\\\\\\\\
=007  cr\cn\|||m|||a
=008  210211q19801985ir\\\\\\o\\\\\000\0\ara\d
=040  \\$aZYU$bara$erda$cZYU
=050  14$aBP184.3$b.A575 1980
=100  1\$6880-01$aAnṣārī, Murtaḍá ibn Muḥammad Amīn,$d1799 or 1800-1864.
=240  10$6880-02$aṢalāh
=245  10$6880-03$aKitāb al-ṣalāh /$ctaʼlīf Murtaḍʹa al-Anṣārī.
=246  3\$6880-04$aṢalāh
=260  \\$6880-05$aQum :$bal-Rasūl al-Muṣṭafʹa,$c[198-?]
=300  \\$aonline resource (442 pages)
=336  \\$atext$2rdacontent
=337  \\$acomputer$2rdamedia
=338  \\$aonline resource$2rdacarrier
=500  \\$aCover title.
=500  \\$aPart of the Arabic Collections Online (ACO) project, contributed by Princeton University Libraries.
=533  \\$aElectronic reproduction.$bNew York, N.Y. :$cNew York University,$d2021.$5NNU
=650  \0$aPrayer$xIslam.
=650  \7$aPrayer$xIslam.$2fast$0(OCoLC)fst01074698
=710  2\$aPrinceton University.$bLibrary.
=730  0\$aArabic Collections Online.
=740  0\$6880-06$aṢalāh.
=776  08$iPrint version:$aAnṣārī, Murtaḍá ibn Muḥammad Amīn, 1799 or 1800-1864.$tKitāb al-ṣalāh$w(NjP)777921$w(OCoLC)27274737
=856  40$uhttp://hdl.handle.net/2333.1/4b8gttvq 
=880  1\$6100-01$aانصاري، مرتضى بن محمد امين،$d1799 or 1800-1864.
=880  10$6240-02$aصلاة
=880  10$6245-03$aكتاب الصلاة /$cتأليف مرتضى الانصاري.
=880  3\$6246-04$aصلاه
=880  \\$6260-05$aقم :$bالرسول المصطفى،$c[?-١٩٨]
=880  0\$6740-06$aصلاة.
=959  \\$aNNU$bWEB$cGENI$t0$mElectronic access$s01
=999  \\$iNjP_777921$o(OCoLC)ocm27274737$sprinceton_aco003901:$e(ERROR-880)$sprinceton_aco003901:

