=LDR  02578nam a2200469Mi 4500
=001  441049
=003  NjP
=006  m\\\\\\\\d\\\\\\\\
=007  cr\cn\|||m|||a
=008  210211s1985\\\\ir\a\\\\ob\\\\001\0\ara\d
=040  \\$aZYU$bara$erda$cZYU
=050  \4$aBP130.4.T35233$bA4 1985
=100  1\$6880-01$aAwsī, ʻAlī.
=245  13$6880-02$aal-Ṭabāṭabāʼī wa-manhajuhu fī tafsīrihi al-Mīzān /$cal-muʼallif ʻAlī al-Awsī.
=250  \\$6880-03$aal-Ṭabʻah 1.
=260  \\$6880-04$a[Tehran] :$bMuʻāwanīyat al-Riʼāsah lil-ʻAlāqāt al-Duwalīyah fī Munaẓẓamat al-Iʻlām al-Islāmī,$c1985.
=300  \\$aonline resource (316 pages) :$billustrations
=336  \\$atext$2rdacontent
=337  \\$acomputer$2rdamedia
=338  \\$aonline resource$2rdacarrier
=500  \\$aPart of the Arabic Collections Online (ACO) project, contributed by Princeton University Libraries.
=504  \\$aIncludes bibliographical references (pages 269-285)-and indexes.
=533  \\$aElectronic reproduction.$bNew York, N.Y. :$cNew York University,$d2021.$5NNU
=600  10$6880-05$aṬabāṭabāʼī, Muḥammad Ḥusayn.
=600  10$6880-06$aṬabāṭabāʼī, Muḥammad Ḥusayn.$tMīzān fī tafsīr al-Qurʼān.
=630  00$aQurʼan$xHermeneutics.
=600  17$aṬabāṭabāʼī, Muḥammad Ḥusayn.$2fast$0(OCoLC)fst00081654
=630  07$aMīzān fī tafsīr al-Qurʼān (Ṭabāṭabāʼī, Muḥammad Ḥusayn)$2fast$0(OCoLC)fst01374947
=630  07$aQurʼan.$2fast$0(OCoLC)fst01842877
=650  \7$aHermeneutics.$2fast$0(OCoLC)fst00955492
=710  2\$aPrinceton University.$bLibrary.
=730  0\$aArabic Collections Online.
=776  08$iPrint version:$aAwsī, ʻAlī.$tal-Ṭabāṭabāʼī wa-manhajuhu fī tafsīrihi al-Mīzān$w(NjP)441049$w(OCoLC)25296603
=856  40$uhttp://hdl.handle.net/2333.1/0vt4bkdw 
=880  1\$6100-01$aاوسي، علي.
=880  12$6245-02$aالطباطبائي ومنهجه في تفسيره الميزان /$cالمؤلف علي الاوسي.
=880  \\$6250-03$aالطبعة 1.
=880  \\$6260-04$a[تهران] :$bمعاونية الرئاسة للعلاقات الدولية في منظمة الاعلام الاسلامي،$c1985.
=880  14$6600-05$aطباطبائي، محمد حسين.
=880  14$6600-06$aطباطبائي، محمد حسين.$tميزان في تفسير القرآن.
=959  \\$aNNU$bWEB$cGENI$t0$mElectronic access$s01
=999  \\$iNjP_441049$o(OCoLC)ocm25296603$sprinceton_aco002758$sprinceton_aco002758

