=LDR  02357nam a2200433Mi 4500
=001  878555
=003  NjP
=006  m\\\\\\\\d\\\\\\\\
=007  cr\cn\|||m|||a
=008  210211s1987\\\\ir\\\\\\ob\\\\000\0\ara\d
=040  \\$aZYU$bara$erda$cZYU
=043  \\$aa-iq---
=050  14$aBP193.13.A3$bA25 1987
=100  1\$6880-01$aʻĀbidīn, Muḥammad ʻAlī.
=245  10$6880-02$aMabʻūth al-Ḥusayn :$bdirāsah taḥlīlīyah li-awwal marāḥil al-thawrah al-Ḥusaynīyah fī al-Kūfah bi-qiyādat al-baṭal al-jalīl Muslim ibn ʻAqīl /$ctaʼlīf Muḥammad ʻAlī ʻĀbidīn.
=260  \\$6880-03$a[Qum] :$bMuʼassasat al-Nashr al-Islāmī al-Tābiʻah li-Jamāʻat al-Mudarrisīn bi-Qum al-Musharrafah,$c1408 [1987 or 1988]
=300  \\$aonline resource (256 pages)
=336  \\$atext$2rdacontent
=337  \\$acomputer$2rdamedia
=338  \\$aonline resource$2rdacarrier
=500  \\$a"476."
=500  \\$aPart of the Arabic Collections Online (ACO) project, contributed by Princeton University Libraries.
=504  \\$aIncludes bibliographical references.
=533  \\$aElectronic reproduction.$bNew York, N.Y. :$cNew York University,$d2021.$5NNU
=600  00$aḤusayn ibn ʻAlī,$d-680.
=651  \0$aKūfah (Iraq)$xHistory$y634-1534.
=600  07$aḤusayn ibn ʻAlī,$d-680$2fast$0(OCoLC)fst01825184
=651  \7$aIraq$zKūfah.$2fast$0(OCoLC)fst01239339
=648  \7$a634-1534$2fast
=655  \7$aHistory.$2fast$0(OCoLC)fst01411628
=710  2\$aPrinceton University.$bLibrary.
=730  0\$aArabic Collections Online.
=776  08$iPrint version:$aʻĀbidīn, Muḥammad ʻAlī.$tMabʻūth al-Ḥusayn$w(NjP)878555$w(OCoLC)30345044
=856  40$uhttp://hdl.handle.net/2333.1/zgmsbpg6 
=880  1\$6100-01$aعابدين، محمد علي.
=880  10$6245-02$aمبعوث الحسين :$bدراسة تحليلية لاول مراحل الثورة الحسينية في الكوفة بقيادة البطل الجليل مسلم بن عقيل /$cتأليف محمد علي عابدين.
=880  \\$6260-03$a[Qum] :$bمؤسسة النشر الاسلامي التابعة لجماعة المدرسين بقم المشرفة،$c1408 [1987]
=959  \\$aNNU$bWEB$cGENI$t0$mElectronic access$s01
=999  \\$iNjP_878555$o(OCoLC)ocm30345044$sprinceton_aco003007$e(ERROR-880)$sprinceton_aco003007

