=LDR  02078nam a2200373Mi 4500
=001  1015349
=003  NjP
=006  m\\\\\\\\d\\\\\\\\
=007  cr\cn\|||m|||a
=008  210211s1978\\\\ir\\\\\\ob\\\\000\0\ara\d
=040  \\$aZYU$bara$erda$cZYU
=050  14$aBP193.22$b.M332 1978
=100  1\$6880-01$aIbn Ṭāwūs, ʻAlī ibn Mūsá,$d1193-1266.
=245  13$6880-02$aal-Malāḥim wa-al-fitan fi ẓuhūr al-ghāʼib al-muntaẓar /$ctaʼlīf Raḍī al-Dīn Abī al-Qāsim ʻAlī ibn Mūsá ibn Jaʻfar ibn Muḥammad ibn Ṭāwūs al-Ḥasanī al-Ḥusaynī.
=250  \\$6880-03$aal-Ṭabʻah 5.
=260  \\$6880-04$aQum :$bManshūrāt al-Riḍá,$c1978.
=300  \\$aonline resource (224 pages)
=336  \\$atext$2rdacontent
=337  \\$acomputer$2rdamedia
=338  \\$aonline resource$2rdacarrier
=500  \\$aPart of the Arabic Collections Online (ACO) project, contributed by Princeton University Libraries.
=533  \\$aElectronic reproduction.$bNew York, N.Y. :$cNew York University,$d2021.$5NNU
=600  10$aMahdī, Muḥammad ibn al-Ḥasan,$d869-
=600  17$aMahdī, Muḥammad ibn al-Ḥasan,$d869-$2fast$0(OCoLC)fst01832274
=710  2\$aPrinceton University.$bLibrary.
=730  0\$aArabic Collections Online.
=776  08$iPrint version:$aIbn Ṭāwūs, ʻAlī ibn Mūsá, 1193-1266.$tal-Malāḥim wa-al-fitan fi ẓuhūr al-ghāʼib al-muntaẓar$w(NjP)1015349$w(OCoLC)33806647
=856  40$uhttp://hdl.handle.net/2333.1/pk0p2zjm 
=880  1\$6100-01$aابن طاووس، علي بن موسى،$d1193-1266.
=880  12$6245-02$aالملاحم والفتن في ظهور الغائب المنتظر /$cتأليف رضي الدين ابي القاسم علي بن موسى بن جعفر بن محمد بن طاووس الحسني الحسيني.
=880  \\$6250-03$aالطبعة 5.
=880  \\$6260-04$aقم :$bمنشورات الرضى،$c1978.
=959  \\$aNNU$bWEB$cGENI$t0$mElectronic access$s01
=999  \\$iNjP_1015349$o(OCoLC)ocm33806647$sprinceton_aco003154$e(ERROR-880)$sprinceton_aco003154

