=LDR  02232nam a2200481Mi 4500
=001  1106132
=003  NjP
=006  m\\\\\\\\d\\\\\\\\
=007  cr\cn\|||m|||a
=008  210211m19899999ir\\\\\\ob\\\\000\0\ara\d
=040  \\$aZYU$bara$erda$cZYU
=050  14$aBC99.A7$bA287 1989
=100  1\$6880-01$aAbū Rughayf, ʻAmmār.
=245  10$6880-02$aManṭiq al-istiqrāʼ /$cʻAmmār Abū Rughayf.
=250  \\$6880-03$aal-Ṭabʻah 1.
=260  \\$6880-04$a[Iran] :$bMajmaʻ al-Fikr al-Islāmī,$c1410- [1989 or 1990]-
=300  \\$aonline resource (volumes)
=336  \\$atext$2rdacontent
=337  \\$acomputer$2rdamedia
=338  \\$aonline resource$2rdacarrier
=490  1\$6880-05$aal-Maktabah al-falsafīyah ;$v2
=490  1\$6880-06$aMajmaʻ al-fikr al-Islāmī ;$v3
=500  \\$aPart of the Arabic Collections Online (ACO) project, contributed by Princeton University Libraries.
=504  \\$aIncludes bibliographical references.
=533  \\$aElectronic reproduction.$bNew York, N.Y. :$cNew York University,$d2021.$5NNU
=650  \0$aInduction (Logic)
=650  \7$aInduction (Logic)$2fast$0(OCoLC)fst00970736
=710  2\$aPrinceton University.$bLibrary.
=730  0\$aArabic Collections Online.
=776  08$iPrint version:$aAbū Rughayf, ʻAmmār.$tManṭiq al-istiqrāʼ$w(NjP)1106132$w(OCoLC)36139906
=830  \0$6880-07$aMajmaʻ al-fikr al-Islāmī ;$v3.
=830  \0$6880-08$aal-Maktabah al-falsafīyah ;$v2.
=856  40$uhttp://hdl.handle.net/2333.1/pg4f51tq 
=880  1\$6100-01$aابو رغيف، عمار.
=880  10$6245-02$aمنطق الاستقراء /$cعمار ابو رغيف.
=880  \\$6250-03$aالطبعة 1.
=880  \\$6260-04$a[ايران] :$bمجمع الفكر الاسلامي،$c1410- [1989 or 1990]-
=880  1\$6490-05$aالمكتبة الفلسفية ؛$v2
=880  1\$6490-06$aمجمع الفكر الاسلامي ؛$v3
=880  \0$6830-07$aمجمع الفكر الاسلامي ؛$v3.
=880  \0$6830-08$aالمكتبة الفلسفية ؛$v2.
=959  \\$aNNU$bWEB$cGENI$t0$mElectronic access$s01
=999  \\$iNjP_1106132$o(OCoLC)ocm36139906$sprinceton_aco002681:(kit ab 1)$e(ERROR-880)(ERROR-SERIES)$sprinceton_aco002681:(kit ab 1)

