=LDR  02258nam a2200445Mi 4500
=001  1027658
=003  NjP
=006  m\\\\\\\\d\\\\\\\\
=007  cr\cn\|||m|||a
=008  210211s1989\\\\ir\\\\\\ob\\\\000\0bara\d
=040  \\$aZYU$bara$erda$cZYU
=050  14$aBP193.15.A3$bM823 1989
=100  1\$6880-01$aMudarrisī, Muḥammad Taqī.
=245  13$6880-02$aal-Imām al-Bāqir, ʻalayhi al-salām, qudwah wa-uswah /$c[Muḥammad Taqī al-Mudarrisī].
=246  3\$6880-03$aImām al-Bāqir (ʻA) qudwah wa-uswah
=250  \\$6880-04$aal-Ṭabʻah 1.
=260  \\$6880-05$a[Iran] :$bMaktab al-al-ʻAllāmah al-Mudarrisī,$c1410 [1989 or 1990]
=300  \\$aonline resource (72 pages)
=336  \\$atext$2rdacontent
=337  \\$acomputer$2rdamedia
=338  \\$aonline resource$2rdacarrier
=500  \\$aPart of the Arabic Collections Online (ACO) project, contributed by Princeton University Libraries.
=504  \\$aIncludes bibliographical references.
=533  \\$aElectronic reproduction.$bNew York, N.Y. :$cNew York University,$d2021.$5NNU
=600  00$aMuḥammad al-Bāqir ibn ʻAlī Zayn al-ʻĀbidīn,$d-731 or 732.
=650  \0$aImams (Shiites)$vBiography.
=600  07$aMuḥammad al-Bāqir ibn ʻAlī Zayn al-ʻĀbidīn,$d-731 or 732.$2fast$0(OCoLC)fst01836277
=650  \7$aImams (Shiites)$2fast$0(OCoLC)fst00967650
=655  \7$aBiographies.$2fast$0(OCoLC)fst01919896
=710  2\$aPrinceton University.$bLibrary.
=730  0\$aArabic Collections Online.
=776  08$iPrint version:$aMudarrisī, Muḥammad Taqī.$tal-Imām al-Bāqir, ʻalayhi al-salām, qudwah wa-uswah$w(NjP)1027658$w(OCoLC)34094858
=856  40$uhttp://hdl.handle.net/2333.1/stqjqchb 
=880  1\$6100-01$aمدرسي، محمد تقي.
=880  12$6245-02$aالامام الباقر، عليه السلام، قدوة واسوة /$c[محمد تقي المدرسي].
=880  3\$6246-03$aامام الباقر (ع) قدوة واسوة
=880  \\$6250-04$aالطبعة 1.
=880  \\$6260-05$a[ايران] :$bمكتب العلامة المدرسي،$c1410 [1989 or 1990]
=959  \\$aNNU$bWEB$cGENI$t0$mElectronic access$s01
=999  \\$iNjP_1027658$o(OCoLC)ocm34094858$sprinceton_aco003037$e(ERROR-880)$sprinceton_aco003037

