=LDR  02199nam a2200457Mi 4500
=001  316763
=003  NjP
=006  m\\\\\\\\d\\\\\\\\
=007  cr\cn\|||m|||a
=008  210211s1900\\\\le\\\\\\ob\\\\000\0\arard
=040  \\$aZYU$bara$erda$cZYU
=043  \\$aa-sy---
=050  \4$aKMU158.6$b.A92 1900
=100  1\$6880-01$aʻAbbūd, Iskandar.
=240  10$6880-02$aĀthār al-ʻadlīyah
=245  10$6880-03$aKitāb al-āthār al-ʻadlīyah /$cbi-qalam Iskandar Afandī ʻAbbūd.
=260  \\$6880-04$aBaʻabdā, Lubnān :$bal-Maṭbaʻah al-ʻUthmānīyah,$c1900.
=300  \\$aonline resource (384 pages)
=336  \\$atext$2rdacontent
=337  \\$acomputer$2rdamedia
=338  \\$aonline resource$2rdacarrier
=500  \\$aPart of the Arabic Collections Online (ACO) project, contributed by Princeton University Libraries.
=504  \\$aIncludes bibliographical references.
=533  \\$aElectronic reproduction.$bNew York, N.Y. :$cNew York University,$d2021.$5NNU
=650  \0$aCourts of last resort$zSyria.
=650  \0$aAppellate courts$zSyria.
=650  \7$aAppellate courts.$2fast$0(OCoLC)fst00811535
=650  \7$aCourts of last resort.$2fast$0(OCoLC)fst00881848
=651  \7$aSyria.$2fast$0(OCoLC)fst01208757
=653  \\$aMaḥkamat al-tamyīz.
=710  2\$aPrinceton University.$bLibrary.
=730  0\$aArabic Collections Online.
=776  08$iOnline version:$aʻAbbūd, Iskandar.$sĀthār al-ʻadlīyah.$tKitāb al-āthār al-ʻadlīyah.$dBaʻabdā, Lubnān : al-Maṭbaʻah al-ʻUthmānīyah, 1900$w(OCoLC)844719411
=776  08$iPrint version:$aʻAbbūd, Iskandar.$tKitāb al-āthār al-ʻadlīyah$w(NjP)316763$w(OCoLC)34190024
=856  40$uhttp://hdl.handle.net/2333.1/prr4xt0n 
=880  1\$6100-01$aعبود، اسكندر.
=880  10$6240-02$aآثار العدلية
=880  10$6245-03$aكتاب الاثار العدلية /$cبقلم اسكندر افندي عبود.
=880  \\$6260-04$aبعبدا، لبنان :$bالمطبعة العثمانية،$c1900.
=959  \\$aNNU$bWEB$cGENI$t0$mElectronic access$s01
=999  \\$iNjP_316763$o(OCoLC)ocm34190024$sprinceton_aco003701:$e(ERROR-880)$sprinceton_aco003701:

