=LDR  01890nam a2200397Mi 4500
=001  435200
=003  NjP
=006  m\\\\\\\\d\\\\\\\\
=007  cr\cn\|||m|||a
=008  210211s1984\\\\ir\a\\\\o\\\\\000\0\arard
=040  \\$aZYU$bara$erda$cZYU
=050  \4$aBP163$b.J58 1984
=100  1\$6880-01$aJisr, Nadīm,$d1897-1980.
=245  10$6880-02$aQiṣṣat al-īmān bayna al-falsafah wa-al-ʻilm wa-al-Qurʼān /$cNadīm al-Jisr.
=260  \\$6880-03$aQum :$bDār al-Muthaqqaf  al-Muslim,$c1362 [1984]
=300  \\$aonline resource (451 pages) :$billustrations
=336  \\$atext$2rdacontent
=337  \\$acomputer$2rdamedia
=338  \\$aonline resource$2rdacarrier
=500  \\$aPart of the Arabic Collections Online (ACO) project, contributed by Princeton University Libraries.
=533  \\$aElectronic reproduction.$bNew York, N.Y. :$cNew York University,$d2021.$5NNU
=650  \0$aIslam and philosophy.
=650  \0$aIslam$xDoctrines.
=650  \0$aIslam and science.
=650  \7$aIslam and philosophy.$2fast$0(OCoLC)fst00979877
=650  \7$aIslam and science.$2fast$0(OCoLC)fst00979885
=650  \7$aIslam$xDoctrines.$2fast$0(OCoLC)fst00979787
=710  2\$aPrinceton University.$bLibrary.
=730  0\$aArabic Collections Online.
=776  08$iPrint version:$aJisr, Nadīm, 1897-1980.$tQiṣṣat al-īmān bayna al-falsafah wa-al-ʻilm wa-al-Qurʼān$w(NjP)435200$w(DLC)  86930885 $w(OCoLC)30581008
=856  40$uhttp://hdl.handle.net/2333.1/z8w9gv01 
=880  1\$6100-01$aجسر، نديم،$d1897-1980.
=880  10$6245-02$aقصة الإيمان بين الفلسفة والعلم والقرآن /$cنديم الجسر.
=880  \\$6260-03$aقم :$bدار المثقف المسلم،$c1362 [1984]
=959  \\$aNNU$bWEB$cGENI$t0$mElectronic access$s01
=999  \\$iNjP_435200$o(OCoLC)ocm30581008$sprinceton_aco002854$e(ERROR-880)$sprinceton_aco002854

