=LDR  03068nam a2200469Mi 4500
=001  2754527
=003  NjP
=006  m\\\\\\\\d\\\\\\\\
=007  cr\cn\|||m|||a
=008  210211s1970\\\\ir\\\\\\o\\\\\000\0\arard
=040  \\$aZYU$bara$erda$cZYU
=090  \\$aBP144$b.T87 1970
=100  1\$6880-01$aṬūsī, Muḥammad ibn al-Ḥasan,$d995-1067?
=245  10$6880-02$aTahdhīb al-aḥkām fī sharḥ al-Muqniʻah lil-Shaykh al-Mufīd /$ctaʼlīf Abī Jaʻfar Muḥammad ibn al-ḥasan al-Ṭūsī ; ḥaqqaqahu wa-ʻallaqa ʻalayhi Ḥasan al-Mūsawī al-Kharsān.
=250  \\$6880-03$aal-Ṭabʻah 3.
=260  \\$6880-04$aTihrān :$bDar al-Kutub al-Islāmīyah,$c1970.
=300  \\$aonline resource (10 volumes)
=336  \\$atext$2rdacontent
=337  \\$acomputer$2rdamedia
=338  \\$aonline resource$2rdacarrier
=500  \\$aPart of the Arabic Collections Online (ACO) project, contributed by Princeton University Libraries.
=533  \\$aElectronic reproduction.$bNew York, N.Y. :$cNew York University,$d2021.$5NNU
=600  10$6880-05$aMufīd, Muḥammad ibn Muḥammad,$d-1022.$tMuqniʻah.
=650  \0$aIslamic law$vEarly works to 1800.
=650  \0$aShīʻah$vEarly works to 1800.
=630  07$aMuqniʻah (Mufīd, Muḥammad ibn Muḥammad)$2fast$0(OCoLC)fst01365554
=650  \7$aIslamic law.$2fast$0(OCoLC)fst00979949
=650  \7$aShīʻah.$2fast$0(OCoLC)fst01117946
=655  \7$aEarly works.$2fast$0(OCoLC)fst01411636
=700  1\$6880-06$aKharsān, Ḥasan al-Mūsawī.
=710  2\$aPrinceton University.$bLibrary.
=730  0\$aArabic Collections Online.
=776  08$iPrint version:$aṬūsī, Muḥammad ibn al-Ḥasan, 995-1067?$tTahdhīb al-aḥkām fī sharḥ al-Muqniʻah lil-Shaykh al-Mufīd$w(NjP)2754527$w(OCoLC)18580296
=856  40$uhttp://hdl.handle.net/2333.1/v15dvf6j 
=880  1\$6100-01$aطوسي، محمد بن الحسن،$d995-1067؟.
=880  10$6245-02$aتهذيب الاحكام في شرح المقنعة للشيخ المفيد /$cتأليف ابي جعفر محمد بن الحسن الطوسي ؛ حققه وعلق عليه حسن الموسوي الخرسان.
=880  \\$6250-03$aالطبعة 3.
=880  \\$6260-04$aتهران :$bدر الكتب الاسلامية،$c1970.
=880  14$6600-05$aمفيد، محمد بن محمد،$d-1022.$tمقنعة.
=880  1\$6700-06$aخرسان، حسن الموسوي.
=959  \\$aNNU$bWEB$cGENI$t0$mElectronic access$s01
=999  \\$iNjP_2754527$o(OCoLC)ocm18580296$sprinceton_aco004307:juz 1$sprinceton_aco004308:juz 2$sprinceton_aco004309:juz 3$sprinceton_aco004310:juz 4$sprinceton_aco004311:juz 5$sprinceton_aco004312:juz 6$sprinceton_aco004313:juz 7$sprinceton_aco004314:juz 8$sprinceton_aco004315:juz 9$sprinceton_aco004316:juz 10$sprinceton_aco004307:juz 1$sprinceton_aco004308:juz 2$sprinceton_aco004309:juz 3$sprinceton_aco004310:juz 4$sprinceton_aco004311:juz 5$sprinceton_aco004312:juz 6$sprinceton_aco004313:juz 7$sprinceton_aco004314:juz 8$sprinceton_aco004315:juz 9$sprinceton_aco004316:juz 10

