=LDR  03000nam a2200493Mi 4500
=001  614107
=003  NjP
=006  m\\\\\\\\d\\\\\\\\
=007  cr\cn\|||m|||a
=008  210211s1988\\\\ir\\\\\\o\\\\\001\0\araod
=040  \\$aZYU$bara$erda$cZYU
=041  0\$aara$aper
=050  \4$aBP193.1.A2$bS53246 1988
=100  1\$6880-01$aBayhaqī, ʻAlī ibn Zayd,$d1105 or 1106-1169 or 1170.
=245  10$6880-02$aMaʻārij Nahj al-balāghah /$ctaʼlīf Ẓahīr al-Dīn Abī al-Ḥasan ʻAlī ibn Zayd al-Bayhaqī ; ḥaqqaqahu wa-qaddama lahu Muḥammad Taqī Dānashʹpazhūh ; ishrāf Maḥūd al-Marʻishī.
=250  \\$6880-03$aal-Ṭabʻah 1.
=260  \\$6880-04$aQumm :$bMaktabat Āyat Allāh al-ʻUẓmá al-Marʻishī al-Najafī,$c1409 [1988]
=300  \\$aonline resource (468 pages)
=336  \\$atext$2rdacontent
=337  \\$acomputer$2rdamedia
=338  \\$aonline resource$2rdacarrier
=490  1\$6880-05$aMin makhṭūāt Āyat Allā al-Marʻishī ;$v27
=500  \\$aAttributed to the fourth caliph, ʻAlī ibn Abī Ṭālib, the Nahj was compiled by al-Raḍī.
=500  \\$aIntroduction in Persian.
=500  \\$aPart of the Arabic Collections Online (ACO) project, contributed by Princeton University Libraries.
=533  \\$aElectronic reproduction.$bNew York, N.Y. :$cNew York University,$d2021.$5NNU
=600  10$aSharīf al-Raḍī, Muḥammad ibn Ḥ,$d969 or 970-1016.$tNahj al-balāghah.
=600  00$aʻAlī ibn Abī Ṭālib,$cCaliph,$dapproximately 600-661.
=600  07$aʻAlī ibn Abī Ṭālib,$cCaliph,$dapproximately 600-661.$2fast$0(OCoLC)fst01804105
=700  1\$6880-06$aDānishʹpazhūh, Muḥammad Taqī.
=710  2\$aPrinceton University.$bLibrary.
=730  0\$aArabic Collections Online.
=776  08$iPrint version:$aBayhaqī, ʻAlī ibn Zayd, 1105 or 1106-1169 or 1170.$tMaʻārij Nahj al-balāghah$w(NjP)614107$w(OCoLC)22176481
=830  \0$6880-07$aMin makhṭūāt Āyat Allā al-Marʻishī ;$v27.
=856  40$uhttp://hdl.handle.net/2333.1/jwstqvtm 
=880  1\$6100-01$aبيهقي، علي بن زيد،$d1105 or 1106-1169 or 1170.
=880  10$6245-02$aمعارج نهج البلاغة /$cتأليف ظهير الدين ابي الحسن علي بن زيد البيهقي ؛ حققه وقدم له محمد تقي دانش پژوه ؛ اشراف محمود المرعشي.
=880  \\$6250-03$aالطبعة 1.
=880  \\$6260-04$aقم :$bمكتبة آية الله العظمى المرعشي النجفي،$c1409 [1988]
=880  1\$6490-05$aمن مخطوطات مكتبة آية الله العظمى المرعشي العامة ؛$v27
=880  1\$6700-06$aدانشپژوه، محمد تقي.
=880  \0$6830-07$aمن مخطوطات مكتبة آية الله العظمى المرعشي العامة ؛$v27.
=959  \\$aNNU$bWEB$cGENI$t0$mElectronic access$s01
=999  \\$iNjP_614107$o(OCoLC)ocm22176481$sprinceton_aco003133$e(ERROR-880)$sprinceton_aco003133

