=LDR  02403nam a2200457Mi 4500
=001  253672
=003  NjP
=006  m\\\\\\\\d\\\\\\\\
=007  cr\cn\|||m|||a
=008  210211s1974\\\\ir\h\\\\ob\\\\000\0\arard
=040  \\$aZYU$bara$erda$cZYU
=050  \4$aBP193.1.A3$bB33 1972
=100  1\$6880-01$aBaḥrānī, Hāshim ibn Sulaymān,$d-approximately 1696.
=245  13$6880-02$aal-Lawāmiʻ al-nūrānīyah fī asmāʼ ʻAlī wa-ahl baytihi al-Qurʼānīyah /$cli-al-Sayyid Hāshim al-Ḥusaynī al-Baḥrānī.
=250  \\$6880-03$aal-Ṭabʻah 1.
=260  \\$6880-04$aQum :$bal-Maṭbaʻah al-ʻIlmīyah,$c1974.
=300  \\$aonline resource (3, 551 pages) :$bfacsimile
=336  \\$atext$2rdacontent
=337  \\$acomputer$2rdamedia
=338  \\$aonline resource$2rdacarrier
=500  \\$aPart of the Arabic Collections Online (ACO) project, contributed by Princeton University Libraries.
=504  \\$aIncludes bibliographical references.
=500  \\$aIn Arabic.
=533  \\$aElectronic reproduction.$bNew York, N.Y. :$cNew York University,$d2021.$5NNU
=600  00$aʻAlī ibn Abī Ṭālib,$cCaliph,$dapproximately 600-661.
=650  \0$aShiites.
=630  00$aQurʼan$xCriticism, interpretation, etc.
=600  07$aʻAlī ibn Abī Ṭālib,$cCaliph,$dapproximately 600-661$2fast$0(OCoLC)fst01804105
=630  07$aQurʼan.$2fast$0(OCoLC)fst01842877
=650  \7$aShiites.$2fast$0(OCoLC)fst01115976
=655  \7$aCriticism, interpretation, etc.$2fast$0(OCoLC)fst01411635
=710  2\$aPrinceton University.$bLibrary.
=730  0\$aArabic Collections Online.
=776  08$iPrint version:$aBaḥrānī, Hāshim ibn Sulaymān, -approximately 1696.$tal-Lawāmiʻ al-nūrānīyah fī asmāʼ ʻAlī wa-ahl baytihi al-Qurʼānīyah$w(NjP)253672$w(OCoLC)13882764
=856  40$uhttp://hdl.handle.net/2333.1/zkh18m6c 
=880  1\$6100-01$aبحراني، هاشم بن سليمان،$d-approximately 1696.
=880  12$6245-02$aاللوامع النورانية في اسماء علي واهل بيته القرآنية /$cللسيد هاشم الحسيني البحراني.
=880  \\$6250-03$aالطبعة 1.
=880  \\$6260-04$aقم :$bالمطبعة العلمية،$c1974.
=959  \\$aNNU$bWEB$cGENI$t0$mElectronic access$s01
=999  \\$iNjP_253672$o(OCoLC)ocm13882764$sprinceton_aco003840:$e(ERROR-880)$sprinceton_aco003840:

