=LDR  02204nam a2200445Mi 4500
=001  2433348
=003  NjP
=006  m\\\\\\\\d\\\\\\\\
=007  cr\cn\|||m|||a
=008  210211s1982\\\\ir\\\\\\ob\\\\000\0\ara\d
=040  \\$aZYU$bara$erda$cZYU
=043  \\$aa-su---
=050  14$aBP187.3$b.J366 1982
=100  1\$6880-01$aJannātī, Muḥammad Ibrāhīm.
=245  10$6880-02$aKaffārāt al-iḥrām /$ctaʼlīf Muḥammad Ibrāhīm al-Jannātī.
=250  \\$6880-03$aal-Ṭabʻah 1.
=260  \\$6880-04$a[Iran] :$bM.I. al-Jannātī,$c1402 [1982]
=300  \\$aonline resource (271 pages)
=336  \\$atext$2rdacontent
=337  \\$acomputer$2rdamedia
=338  \\$aonline resource$2rdacarrier
=500  \\$aIncludes hadith extracted from Wasāʼil al-Shīʻah.
=500  \\$aPart of the Arabic Collections Online (ACO) project, contributed by Princeton University Libraries.
=504  \\$aIncludes bibliographical references.
=533  \\$aElectronic reproduction.$bNew York, N.Y. :$cNew York University,$d2021.$5NNU
=650  \0$aMuslim pilgrims and pilgrimages$zSaudi Arabia$zMecca.
=650  \7$aMuslim pilgrims and pilgrimages.$2fast$0(OCoLC)fst01030970
=651  \7$aSaudi Arabia$zMecca.$2fast$0(OCoLC)fst01204780
=700  12$6880-05$aḤurr al-ʻĀmilī, Muḥammad ibn al-Ḥasan,$d1624-1693.$tWasāʼil al-Shīʻah.$kSelections.
=710  2\$aPrinceton University.$bLibrary.
=730  0\$aArabic Collections Online.
=776  08$iPrint version:$aJannātī, Muḥammad Ibrāhīm.$tKaffārāt al-iḥrām$w(NjP)2433348$w(OCoLC)42037194
=856  40$uhttp://hdl.handle.net/2333.1/69p8d89w 
=880  1\$6100-01$aجناتي، محمد ابراهيم.
=880  10$6245-02$aكفارات الاحرام /$cتأليف محمد ابراهيم الجناتي.
=880  \\$6250-03$aالطبعة 1.
=880  \\$6260-04$a[ايران] :$bم.ا. الجناتي،$c1402 [1982]
=880  12$6700-05$aحر العاملي، محمد بن الحسن،$d1624-1693.$tوسائل الشيعة.$kSelections.
=959  \\$aNNU$bWEB$cGENI$t0$mElectronic access$s01
=999  \\$iNjP_2433348$o(OCoLC)ocm42037194$sprinceton_aco002976$e(ERROR-880)$sprinceton_aco002976

