=LDR  02366nam a2200409Mi 4500
=001  461100
=003  NjP
=006  m\\\\\\\\d\\\\\\\\
=007  cr\cn\|||m|||a
=008  210211q19801988ir\\\\\\o\\\\\000\0\ara\d
=040  \\$aZYU$bara$erda$cZYU
=050  \4$aBJ1291$b.I26 1980z
=100  1\$6880-01$aIbn Maʻṣūm, ʻAlī ibn Aḥmad,$d1642 or 1643-1707 or 1708.
=245  10$6880-02$aRiyāḍ al-sālikīn :$bsharḥ al-Saḥifah al-sajjādīyah /$clil-ʻālim ʻAlī Khān ibn al-Sayyid Aḥmad al-Ḥusaynī al-maʻrūf bi-ibn Maʻṣūm al-Madanī.
=260  \\$6880-03$a[Iran] :$bMuʼassasat Āl al-Bayt ;$aMashhad, Īrān :$bYuṭlabu min Muʼassasat Ṭūs,$c1980.
=300  \\$aonline resource (587, 9 pages)
=336  \\$atext$2rdacontent
=337  \\$acomputer$2rdamedia
=338  \\$aonline resource$2rdacarrier
=500  \\$aTitle page partially vocalized.
=500  \\$aPart of the Arabic Collections Online (ACO) project, contributed by Princeton University Libraries.
=533  \\$aElectronic reproduction.$bNew York, N.Y. :$cNew York University,$d2021.$5NNU
=534  \\$pReprint. Originally published :$c1334 [1915 or 1916].
=630  00$aṢaḥīfah al-kāmilah.
=650  \0$aShīʻah$xCustoms and practices$vEarly works to 1800.
=630  07$aṢaḥīfah al-kāmilah.$2fast$0(OCoLC)fst01376375
=650  \7$aShīʻah$xCustoms and practices.$2fast$0(OCoLC)fst01117947
=655  \7$aEarly works.$2fast$0(OCoLC)fst01411636
=710  2\$aPrinceton University.$bLibrary.
=730  0\$aArabic Collections Online.
=776  08$iPrint version:$aIbn Maʻṣūm, ʻAlī ibn Aḥmad, 1642 or 1643-1707 or 1708.$tRiyāḍ al-sālikīn$w(NjP)461100$w(OCoLC)25344942
=856  40$uhttp://hdl.handle.net/2333.1/931zd2m9 
=880  1\$6100-01$aابن معصوم، علي بن احمد،$d1642 or 1643-1707 or 1708.
=880  10$6245-02$aرياض السالكين :$bشرح الصحيفة السجادية /$cللعالم علي خان بن السيد احمد الحسيني المعروف بابن معصوم المدني.
=880  \\$6260-03$a[ايران] :$bمؤسسة آل البيت ؛$aمشهد، ايران :$bيطلب من مؤسسة طوس،$c1980.
=959  \\$aNNU$bWEB$cGENI$t0$mElectronic access$s01
=999  \\$iNjP_461100$o(OCoLC)ocm25344942$sprinceton_aco003762:$e(ERROR-880)$sprinceton_aco003762:

