=LDR  01846nam a2200385Mi 4500
=001  2765618
=003  NjP
=006  m\\\\\\\\d\\\\\\\\
=007  cr\cn\|||m|||a
=008  210211m19669999iq\\\\\\ob\\\\001\0\ara\\
=040  \\$aZYU$bara$erda$cZYU
=050  \4$aBP150$b.M89 1966
=100  1\$6880-01$aMuẓaffar, Muḥammad Riḍā,$d1904-1964.
=245  10$6880-02$aUṣūl al-fiqh /$cMuḥammad Riḍā al-Muẓaffar.
=250  \\$6880-03$aal-Ṭabʻah 2.
=260  \\$6880-04$aal-Najaf :$bMaṭābiʻ Dār al-Nuʻmān,$c1966-
=300  \\$aonline resource (volumes)
=336  \\$atext$2rdacontent
=337  \\$acomputer$2rdamedia
=338  \\$aonline resource$2rdacarrier
=500  \\$aPart of the Arabic Collections Online (ACO) project, contributed by Princeton University Libraries.
=504  \\$aIncludes bibliographical references and index.
=533  \\$aElectronic reproduction.$bNew York, N.Y. :$cNew York University,$d2021.$5NNU
=650  \0$aIslamic law$xInterpretation and construction.
=650  \7$aIslamic law$xInterpretation and construction.$2fast$0(OCoLC)fst00979955
=710  2\$aPrinceton University.$bLibrary.
=730  0\$aArabic Collections Online.
=776  08$iPrint version:$aMuẓaffar, Muḥammad Riḍā, 1904-1964.$tUṣūl al-fiqh$w(NjP)2765618$w(DLC)ne 68000421 $w(OCoLC)26199203
=856  40$uhttp://hdl.handle.net/2333.1/0rxwdnr6 
=880  1\$6100-01$aمظفر، محمد رضا،$d1904-1964.
=880  10$6245-02$aأصول الفقه /$cمحمد رضا المظفر.
=880  \\$6250-03$aالطبعة 2.
=880  \\$6260-04$aالنجف :$bمطابع دار النعمان،$c1966-
=959  \\$aNNU$bWEB$cGENI$t0$mElectronic access$s01
=999  \\$iNjP_2765618$o(OCoLC)ocm26199203$sprinceton_aco001902:v.1-2$sprinceton_aco001915:v.3-4$sprinceton_aco001902:v.1-2$sprinceton_aco001915:v.3-4

