=LDR  01934nam a2200397Mi 4500
=001  541598
=003  NjP
=006  m\\\\\\\\d\\\\\\\\
=007  cr\cn\|||m|||a
=008  210211s1988\\\\ir\\\\\\ob\\\\000\0\araod
=040  \\$aZYU$bara$erda$cZYU
=050  \4$aBJ1291$b.B343
=100  1\$6880-01$aBarāzish, ʻAlī Riz̤ā.
=245  10$6880-02$aMajmaʻ al-anwār :$bal-shukr wa-al-ṣabr /$ciʻdād ʻAlī Riḍā Barāzish.
=250  \\$6880-03$aal-Ṭabʻah 1.
=260  \\$6880-04$aṬihrān :$bMunaẓẓamat al-Iʻlām al-Islāmī,$c1988.
=300  \\$aonline resource (2 volumes in 1)
=336  \\$atext$2rdacontent
=337  \\$acomputer$2rdamedia
=338  \\$aonline resource$2rdacarrier
=500  \\$aPart of the Arabic Collections Online (ACO) project, contributed by Princeton University Libraries.
=504  \\$aIncludes bibliographical references.
=533  \\$aElectronic reproduction.$bNew York, N.Y. :$cNew York University,$d2021.$5NNU
=650  \0$aIslamic ethics.
=650  \7$aIslamic ethics.$2fast$0(OCoLC)fst00979936
=710  2\$aPrinceton University.$bLibrary.
=730  0\$aArabic Collections Online.
=776  08$iOnline version:$aBarāzish, ʻAlī Riz̤ā.$tMajmaʻ al-anwār.$bal-Ṭabʻah 1.$dṬihrān : Munaẓẓamat al-Iʻlām al-Islāmī, 1988$w(OCoLC)555327857
=776  08$iPrint version:$aBarāzish, ʻAlī Riz̤ā.$tMajmaʻ al-anwār$w(NjP)541598$w(OCoLC)23505255
=856  40$uhttp://hdl.handle.net/2333.1/rr4xh7gt 
=880  1\$6100-01$aبرازش، على رضا.
=880  10$6245-02$aمجمع الانوار :$bالشكر والصبر /$cاعداد علي رضا برازش.
=880  \\$6250-03$aالطبعة 1.
=880  \\$6260-04$aطهران :$bمنظمة الاعلام الاسلامي،$c1988.
=959  \\$aNNU$bWEB$cGENI$t0$mElectronic access$s01
=999  \\$iNjP_541598$o(OCoLC)ocm23505255$sprinceton_aco002977$e(ERROR-880)$sprinceton_aco002977

