=LDR  01526nam a2200361Mi 4500
=001  2957679
=003  NjP
=006  m\\\\\\\\d\\\\\\\\
=007  cr\cn\|||m|||a
=008  210211q19001987iq\\\\\\o\\\\\000\0\arard
=040  \\$aZYU$bara$erda$cZYU
=050  \4$aBP178$b.A43
=082  04$aP297.382
=100  1\$6880-01$aʻAlī, Jawād.
=245  10$6880-02$aTārīkh al-ṣalāh fī al-Islām.
=260  \\$6880-03$aBaghdād :$bMaṭbaʻat Ḍiyāʼ$c[19--]
=300  \\$aonline resource (95 pages)
=336  \\$atext$2rdacontent
=337  \\$acomputer$2rdamedia
=338  \\$aonline resource$2rdacarrier
=500  \\$aPart of the Arabic Collections Online (ACO) project, contributed by Princeton University Libraries.
=533  \\$aElectronic reproduction.$bNew York, N.Y. :$cNew York University,$d2021.$5NNU
=650  \0$aPrayer$xIslam.
=650  \7$aPrayer$xIslam.$2fast$0(OCoLC)fst01074698
=710  2\$aPrinceton University.$bLibrary.
=730  0\$aArabic Collections Online.
=776  08$iPrint version:$aʻAlī, Jawād.$tTārīkh al-ṣalāh fī al-Islām$w(NjP)2957679$w(OCoLC)17431884
=856  40$uhttp://hdl.handle.net/2333.1/p8cz96cp 
=880  1\$6100-01$aعلي، جواد.
=880  10$6245-02$aتاريخ الصلاة في الإسلام /$cتأليف جواد علي.
=880  \\$6260-03$aبغداد :$bمطبعة ضياء$c[19--]
=959  \\$aNNU$bWEB$cGENI$t0$mElectronic access$s01
=999  \\$iNjP_2957679$o(OCoLC)ocm17431884$sprinceton_aco003332:$e(ERROR-880)$sprinceton_aco003332:

