=LDR  01957nam a2200373Mi 4500
=001  1080251
=003  NjP
=006  m\\\\\\\\d\\\\\\\\
=007  cr\cn\|||m|||a
=008  210211m19829999ir\\\\\\ob\\\\000\0\ara\d
=040  \\$aZYU$bara$erda$cZYU
=050  14$aBP130.4$b.A473 1982
=100  1\$6880-01$aĀl Shubayr al-Khāqānī, Muḥammad Muḥammad Ṭāhir.
=245  14$6880-02$aal-ʻAql al-basharī fī tafsīr al-Qurʼān /$cli-Muḥammad Ṭāhir Āl Shubayr al-Khāqānī.
=260  \\$6880-03$a[Qum] :$b[publisher not identified],$c1403- [1982]-$e([Qum] :$fMaṭbaʻat Mahr)
=300  \\$aonline resource (volumes)
=336  \\$atext$2rdacontent
=337  \\$acomputer$2rdamedia
=338  \\$aonline resource$2rdacarrier
=500  \\$aPart of the Arabic Collections Online (ACO) project, contributed by Princeton University Libraries.
=504  \\$aIncludes bibliographical references.
=533  \\$aElectronic reproduction.$bNew York, N.Y. :$cNew York University,$d2021.$5NNU
=630  00$aQurʼan$vCommentaries.
=630  07$aQurʼan.$2fast$0(OCoLC)fst01842877
=655  \7$aCommentaries.$2fast$0(OCoLC)fst01423723
=710  2\$aPrinceton University.$bLibrary.
=730  0\$aArabic Collections Online.
=776  08$iPrint version:$aĀl Shubayr al-Khāqānī, Muḥammad Muḥammad Ṭāhir.$tal-ʻAql al-basharī fī tafsīr al-Qurʼān$w(NjP)1080251$w(OCoLC)35398884
=856  40$uhttp://hdl.handle.net/2333.1/h1893c1p 
=880  1\$6100-01$aآل شبير الخاقاني، محمد محمد طاهر.
=880  12$6245-02$aالعقل البشري في تفسير القرآن /$cلمحمد طاهر آل شبير الخاقاني.
=880  \\$6260-03$a[قم] :$b[publisher not identified]،$c1403- [1982]-$e([قم] :$fمطبعة مهر)
=959  \\$aNNU$bWEB$cGENI$t0$mElectronic access$s01
=999  \\$iNjP_1080251$o(OCoLC)ocm35398884$sprinceton_aco002742:(juz  1)$e(ERROR-880)$sprinceton_aco002742:(juz  1)

