=LDR  02740nam a2200397Mi 4500
=001  1685138
=003  NjP
=006  m\\\\\\\\d\\\\\\\\
=007  cr\cn\|||m|||a
=008  210211s1953\\\\ua\\\\\\ob\\\\001\0\arard
=040  \\$aZYU$bara$erda$cZYU
=050  \4$aBP80.S48$bI25 1953a
=100  1\$6880-01$aIbn Abī Ḥātim, ʻAbd al-Raḥmān ibn Muḥammad,$d854 or 855-938.
=245  10$6880-02$aĀdāb al-Shāfiʻī wa-manāqibuh :$bḥadīthun wa-fiqhun. Firāstun wa-ṭibbun. Tārīkh wa-adabun. Lughatun wa-nasabun /$cAbī Muḥammad ʻAbd al-Raḥmān ibn Abī Ḥatim al-Rāzī ; kataba kalimah ʻanhu Muḥammad Zāhid ibn al-Ḥasan al-Kawtharī ; qaddama lahu ; wa-ḥaqqaqa aṣlahu, wa-ʻallaqa ʻalayhi ʻAbd al-Ghanī ʻAbd al-Khāliq.
=260  \\$6880-03$a[Miṣr] :$bMaktabat Nashr al-Thaqāfah al-Islāmīyah,$c1382 [1953]
=300  \\$aonline resource (388 pages)
=336  \\$atext$2rdacontent
=337  \\$acomputer$2rdamedia
=338  \\$aonline resource$2rdacarrier
=500  \\$aPart of the Arabic Collections Online (ACO) project, contributed by Princeton University Libraries.
=504  \\$aIncludes bibliographical references and indexes.
=533  \\$aElectronic reproduction.$bNew York, N.Y. :$cNew York University,$d2021.$5NNU
=600  10$aShāfiʻī, Muḥammad ibn Idrīs,$d767 or 768-820$xCriticism and interpretation.
=600  17$aShāfiʻī, Muḥammad ibn Idrīs,$d767 or 768-820.$2fast$0(OCoLC)fst01846928
=655  \7$aCriticism, interpretation, etc.$2fast$0(OCoLC)fst01411635
=700  1\$6880-04$aʻAbd al-Khāliq, ʻAbd al-Ghanī.
=710  2\$aPrinceton University.$bLibrary.
=730  0\$aArabic Collections Online.
=776  08$iPrint version:$aIbn Abī Ḥātim, ʻAbd al-Raḥmān ibn Muḥammad, 854 or 855-938.$tĀdāb al-Shāfiʻī wa-manāqibuh$w(NjP)1685138$w(OCoLC)316086554
=856  40$uhttp://hdl.handle.net/2333.1/j3tx9h1v 
=880  1\$6100-01$aابن ابي حاتم، عبد الرحمن بن محمد،$d854 or 855-938.
=880  10$6245-02$aآداب الشافعي و مناقبة :$bحديث وفقه. فراسة وطب. تاريخ وأدب. لغة ونسب /$cلابي محمد عبد الرحمن ابن ابي حاتم الرازي؛ كتب كلمة عنه محمد زاھد بن الحسين الكوثري؛ قدم له و حقق اصله و علق عليه عبد الغني عبد الخالق.
=880  \\$6260-03$a[مصر] :$bمكتبة نشر الثقافة الاسلامية،$c1382 [1953]
=880  1\$6700-04$aعبد الخالق، عبد الغني.
=959  \\$aNNU$bWEB$cGENI$t0$mElectronic access$s01
=999  \\$iNjP_1685138$o(OCoLC)ocn316086554$sprinceton_aco004624:$e(ERROR-880)$sprinceton_aco004624:

