=LDR  01811nam a2200421Mi 4500
=001  1166277
=003  NjP
=006  m\\\\\\\\d\\\\\\\\
=007  cr\cn\|||m|||a
=008  210211s1989\\\\ir\\\\\\ob\\\\000\0\ara\d
=040  \\$aZYU$bara$erda$cZYU
=041  1\$aara$hper
=050  14$aBP165$b.M87312 1989
=100  1\$6880-01$aMuṭahharī, Murtaz̤á.
=240  10$6880-02$aFiṭrat.$lArabic
=245  13$6880-03$aal-Fiṭrah /$cMurtaḍá Muṭahharī.
=250  \\$6880-04$aal-Ṭabʻah 1.
=260  \\$6880-05$aṬihrān :$bQism al-Iʻlām al-Khārijī fī Muʼassasat al-Biʻthah,$c1410 [1989 or 1990]
=300  \\$aonline resource (228 pages)
=336  \\$atext$2rdacontent
=337  \\$acomputer$2rdamedia
=338  \\$aonline resource$2rdacarrier
=500  \\$aPart of the Arabic Collections Online (ACO) project, contributed by Princeton University Libraries.
=504  \\$aIncludes bibliographical references.
=533  \\$aElectronic reproduction.$bNew York, N.Y. :$cNew York University,$d2021.$5NNU
=650  \0$aIslam.
=650  \7$aIslam.$2fast$0(OCoLC)fst00979776
=710  2\$aPrinceton University.$bLibrary.
=730  0\$aArabic Collections Online.
=776  08$iPrint version:$aMuṭahharī, Murtaz̤á.$tal-Fiṭrah$w(NjP)1166277$w(OCoLC)37582215
=856  40$uhttp://hdl.handle.net/2333.1/jsxksz18 
=880  1\$6100-01$aمطهرى، مرتضى.
=880  10$6240-02$aفطرة.$lArabic
=880  12$6245-03$aالفطرة /$cمرتضى مطهري.
=880  \\$6250-04$aالطبعة 1.
=880  \\$6260-05$aطهران :$bقسم الاعلام الخارجي في مؤسسة البعثة،$c1410 [1989 or 1990]
=959  \\$aNNU$bWEB$cGENI$t0$mElectronic access$s01
=999  \\$iNjP_1166277$o(OCoLC)ocm37582215$sprinceton_aco002916$e(ERROR-880)$sprinceton_aco002916

