=LDR  02214nam a2200421Mi 4500
=001  240350
=003  NjP
=006  m\\\\\\\\d\\\\\\\\
=007  cr\cn\|||m|||a
=008  210211m19819999ir\\\\\\ob\\\f000\0\arard
=040  \\$aZYU$bara$erda$cZYU
=043  \\$aa-iq---$aa-ir---
=050  04$aDS318.85$b.S23 1983
=245  00$6880-01$aṢadá al-ḥarb :$bmuqtaṭafāt mimmā katabath́u al-ṣihāfah al-ʻālamīyah wa-al-ʻArabīyah ʻan al-ḥarb al-dāʼirah bayna al-ʻIrāq wa-Īrān.
=250  \\$6880-02$aal-Ṭabʻah 1.
=260  \\$6880-03$aṬahrān :$bJumhūrīyat Īrān al-Islāmīyah, wizārat al-Irshād al-Islāmī,$c1402 [1981]->
=300  \\$aonline resource (volumes)
=336  \\$atext$2rdacontent
=337  \\$acomputer$2rdamedia
=338  \\$aonline resource$2rdacarrier
=500  \\$aPart of the Arabic Collections Online (ACO) project, contributed by Princeton University Libraries.
=504  \\$aIncludes bibliographical references.
=500  \\$aSubtitle varies.
=533  \\$aElectronic reproduction.$bNew York, N.Y. :$cNew York University,$d2021.$5NNU
=650  \0$aIran-Iraq War, 1980-1988.
=650  \0$aIran-Iraq War, 1980-1988$xPublic opinion.
=650  \7$aPublic opinion.$2fast$0(OCoLC)fst01082785
=647  \7$aIran-Iraq War$d(1980-1988)$2fast$0(OCoLC)fst00978774
=648  \7$a1980-1988$2fast
=710  2\$aPrinceton University.$bLibrary.
=730  0\$aArabic Collections Online.
=776  08$iPrint version:$tṢadá al-ḥarb$w(NjP)240350$w(DLC)  85193633 $w(OCoLC)78202280
=856  40$uhttp://hdl.handle.net/2333.1/x0k6dvm3 
=880  00$6245-01$aصدى الحرب :$bمقتطفات مما كتبته الصحافة العالمية والعربية عن الحرب الدائرة بين العراق وايران.
=880  \\$6250-02$aالطبعة 1.
=880  \\$6260-03$aطهران :$bجمهورية ايران الاسلامية، وزارة الارشاد الاسلامي،$c1402 [1981]->
=959  \\$aNNU$bWEB$cGENI$t0$mElectronic access$s01
=999  \\$iNjP_240350$o(OCoLC)ocm78202280$sprinceton_aco002340$sprinceton_aco002606$sprinceton_aco002766$e(ERROR-880)$sprinceton_aco002340$sprinceton_aco002606$sprinceton_aco002766

