=LDR  01820nam a2200361Mi 4500
=001  460216
=003  NjP
=006  m\\\\\\\\d\\\\\\\\
=007  cr\cn\|||m|||a
=008  210211m19229999ua\c\\\\o\\\\\000\1\arard
=040  \\$aZYU$bara$erda$cZYU
=050  \4$aPJ7691$b.H3
=100  1\$6880-01$aḤajjāj, Muḥammad Kāmil.
=245  10$6880-02$aBalāghat al-Gharb :$baḥāsin al-maḥāsin wa-ghurar al-durar min qariḍ al-Gharb wa-natharih /$cʻArrabahu Muḥammad Kāmil Ḥajjāj.
=260  \\$6880-03$aMiṣr :$bMaṭbaʻat al-Shams,$c1922-
=300  \\$aonline resource (volumes) :$bportraits
=336  \\$atext$2rdacontent
=337  \\$acomputer$2rdamedia
=338  \\$aonline resource$2rdacarrier
=500  \\$aPart of the Arabic Collections Online (ACO) project, contributed by Princeton University Libraries.
=533  \\$aElectronic reproduction.$bNew York, N.Y. :$cNew York University,$d2021.$5NNU
=650  \0$aLiterature, Modern$xTranslations into Arabic.
=650  \7$aLiterature, Modern.$2fast$0(OCoLC)fst01000172
=655  \7$aTranslations.$2fast$0(OCoLC)fst01423791
=710  2\$aPrinceton University.$bLibrary.
=730  0\$aArabic Collections Online.
=776  08$iPrint version:$aḤajjāj, Muḥammad Kāmil.$tBalāghat al-Gharb$w(NjP)460216$w(DLC)  74224202 $w(OCoLC)79292150
=856  40$uhttp://hdl.handle.net/2333.1/4f4qrrjj 
=880  1\$6100-01$aحجاج، محمد كامل.
=880  10$6245-02$aبلاغة الغرب :$bأحاسن المحاسن وغرر الدرر من قريض الغرب ونثره /$cعربه محمد كامل حجاج.
=880  \\$6260-03$aمصر :$bمطبعة الشمس،$c1922-
=959  \\$aNNU$bWEB$cGENI$t0$mElectronic access$s01
=999  \\$iNjP_460216$o(OCoLC)ocm79292150$sprinceton_aco004014:juz 2$e(ERROR-880)$sprinceton_aco004014:juz 2

