=LDR  02449nam a2200433Mi 4500
=001  615908
=003  NjP
=006  m\\\\\\\\d\\\\\\\\
=007  cr\cn\|||m|||a
=008  210211m19479999ir\\\\\\o\\\\\000\0\ara\d
=040  \\$aZYU$bara$erda$cZYU
=050  \4$aBP144$b.K4585 1947
=100  1\$6880-01$aKhūʼī, Abū al-Qāsim ibn ʻAlī Akbar,$d1899-
=240  10$6880-02$aAjwad al-taqrīrāt fī al-uṣūl
=245  13$6880-03$aal-Juzʼ al-thānī min Kitāb ajwad al-taqrīrāt fī al-uṣūl /$clil-ʻallāmah Abī al-Qāsim al-Khūʼī al-Gharawī.
=260  \\$6880-04$aṬihrān :$bMaktabat al-Būdharjumihrī al-Muṣṭafawī,$c1367- [1947 or 1948]-
=300  \\$aonline resource (volumes)
=336  \\$atext$2rdacontent
=337  \\$acomputer$2rdamedia
=338  \\$aonline resource$2rdacarrier
=500  \\$aCover title.
=500  \\$aPart of the Arabic Collections Online (ACO) project, contributed by Princeton University Libraries.
=533  \\$aElectronic reproduction.$bNew York, N.Y. :$cNew York University,$d2021.$5NNU
=650  \0$aIslamic law$xInterpretation and construction.
=650  \7$aIslamic law$xInterpretation and construction.$2fast$0(OCoLC)fst00979955
=710  2\$aPrinceton University.$bLibrary.
=730  0\$aArabic Collections Online.
=740  0\$6880-05$aAjwad al-taqrīrāt fī al-uṣūl.
=740  0\$6880-06$aKitāb ajwad al-taqrīrāt fī al-uṣūl.
=776  08$iPrint version:$aKhūʼī, Abū al-Qāsim ibn ʻAlī Akbar, 1899-$tal-Juzʼ al-thānī min Kitāb ajwad al-taqrīrāt fī al-uṣūl$w(NjP)615908$w(OCoLC)83663988
=856  40$uhttp://hdl.handle.net/2333.1/c866tbjf 
=880  1\$6100-01$aخوئي، ابو القاسم بن علي اكبر،$d1899-
=880  10$6240-02$aاجود التقريرات في الاصول
=880  12$6245-03$aالمجلد الاول [الثاني] من كتاب اجود التقريرات في الاصول /$cللعلامة ابي القاسم الخوئي الغروي.
=880  \\$6260-04$aطهران :$bمكتبة البوذرجمهري المصطفوي،$c1367- [1947 or 1948]-
=880  0\$6740-05$aاجود التقريرات في الاصول.
=880  0\$6740-06$aكتاب اجود التقريرات في الاصول.
=959  \\$aNNU$bWEB$cGENI$t0$mElectronic access$s01
=999  \\$iNjP_615908$o(OCoLC)ocm83663988$sprinceton_aco003452:juz 2$e(ERROR-880)$sprinceton_aco003452:juz 2

