=LDR  01807nam a2200373Mi 4500
=001  538754
=003  NjP
=006  m\\\\\\\\d\\\\\\\\
=007  cr\cn\|||m|||a
=008  210211s1987\\\\ir\\\\\\ob\\\\000\0\ara\d
=040  \\$aZYU$bara$erda$cZYU
=050  14$aKBP3975$b.T35 1987
=100  1\$6880-01$aTaskhīrī, Muḥammad ʻAlī.
=245  10$6880-02$aNiẓām al-ʻuqūbāt al-Islāmīyah /$cal-muʼallif Muḥammad ʻAlī al-Taskhīrī.
=250  \\$6880-03$aal-Ṭabʻah 2., munaqqaḥah.
=260  \\$6880-04$aṬihrān, Īrān :$bMunaẓẓamat al-Iʻlām al-Islāmī,$c1987.
=300  \\$aonline resource (104 pages)
=336  \\$atext$2rdacontent
=337  \\$acomputer$2rdamedia
=338  \\$aonline resource$2rdacarrier
=500  \\$aPart of the Arabic Collections Online (ACO) project, contributed by Princeton University Libraries.
=504  \\$aIncludes bibliographical references.
=533  \\$aElectronic reproduction.$bNew York, N.Y. :$cNew York University,$d2021.$5NNU
=650  \0$aPunishment (Islam)
=710  2\$aPrinceton University.$bLibrary.
=730  0\$aArabic Collections Online.
=776  08$iPrint version:$aTaskhīrī, Muḥammad ʻAlī.$tNiẓām al-ʻuqūbāt al-Islāmīyah$w(NjP)538754$w(OCoLC)26453190
=856  40$uhttp://hdl.handle.net/2333.1/f1vhhxj6 
=880  1\$6100-01$a‏تسخيري، محمد علي.
=880  10$6245-02$a‏نظام العقوبات الاسلامية /‏$c‏محمد علي التسخيري.
=880  \\$6250-03$a‏الطبعة 2.، منقحة.
=880  \\$6260-04$a‏طهران :‏$b‏منظمة الاعلام الاسلامي،‏$c‏1987.
=959  \\$aNNU$bWEB$cGENI$t0$mElectronic access$s01
=999  \\$iNjP_538754$o(OCoLC)ocm26453190$sprinceton_aco003549:$e(ERROR-880)$sprinceton_aco003549:

