=LDR  02756nam a2200493Mi 4500
=001  2534038
=003  NjP
=006  m\\\\\\\\d\\\\\\\\
=007  cr\cn\|||m|||a
=008  210211s1954\\\\ly\\\\\\ol\\\f000\0\arar\
=040  \\$aZYU$bara$erda$cZYU
=043  \\$af-ly---
=050  \4$aKR1602$b.A4 1954
=110  1\$6880-01$aLibya.
=245  10$6880-02$aQānūn al-Murāfaʻāt al-Madanīyah wa-al-Tijārīyah wa-Qānūn Nizām al-Qaḍāʼ :$bal-Jarīdah al-Rasmīyah lil-Mamlakaḥ al-Lībīyah al-Muttaḥidah /$cnushirat bi-amr Wazīr al-ʻAdl bi-tārīkh 20 Fibrāyir 1954.
=260  \\$6880-03$a[Banghāzī] :$b[publisher not identified],$c[1954?]
=300  \\$aonline resource (15, 281 pages)
=336  \\$atext$2rdacontent
=337  \\$acomputer$2rdamedia
=338  \\$aonline resource$2rdacarrier
=500  \\$aPart of the Arabic Collections Online (ACO) project, contributed by Princeton University Libraries.
=533  \\$aElectronic reproduction.$bNew York, N.Y. :$cNew York University,$d2021.$5NNU
=610  10$aLibya.$tQānūn al-Murāfaʻāt al-Madanīyah wa-al-Tijārīyah (1954)
=610  10$aLibya.$tQānūn Nizām al-Qaḍāʼ.
=650  \0$aCivil procedure$zLibya.
=650  \0$aCommercial courts$zLibya.
=650  \0$aCourts$zLibya.
=650  \0$aJustice, Administration of$zLibya.
=650  \7$aCivil procedure.$2fast$0(OCoLC)fst00862585
=650  \7$aCommercial courts.$2fast$0(OCoLC)fst00869460
=650  \7$aCourts.$2fast$0(OCoLC)fst00881747
=650  \7$aJustice, Administration of.$2fast$0(OCoLC)fst00985154
=651  \7$aLibya.$2fast$0(OCoLC)fst01205534
=655  \7$aStatutes and codes.$2lcgft
=710  2\$aPrinceton University.$bLibrary.
=730  0\$aArabic Collections Online.
=776  08$iOnline version:$aLibya.$tQānūn al-murāfaʻāt al-madanīyah wa-al-tijārīyah wa-qānūn nizām al-qaḍā.$d[Binghāzī : s.n., 1954?]$w(OCoLC)615748180
=776  08$iPrint version:$aLibya.$tQānūn al-Murāfaʻāt al-Madanīyah wa-al-Tijārīyah wa-Qānūn Nizām al-Qaḍāʼ$w(NjP)2534038$w(DLC)  59054773 $w(OCoLC)22438981
=856  40$uhttp://hdl.handle.net/2333.1/x3ffbsb5 
=880  1\$6110-01$aليبيا.
=880  10$6245-02$aقانون المرافعات المدنية والتجارية وقانون نظام القضاء :$bالجريدة الرسمية للمملكة الليبية المتحدة /$cنشرة بامر وزير العدل بتاريخ 20 فبراير 1954 عدد خاص, نشرت.
=880  \\$6260-03$a[بنغازي] :$b[publisher not identified],$c[1954?]
=959  \\$aNNU$bWEB$cGENI$t0$mElectronic access$s01
=999  \\$iNjP_2534038$o(OCoLC)ocm22438981$sprinceton_aco003630:$e(ERROR-880)$sprinceton_aco003630:

