=LDR  02135nam a2200469Mi 4500
=001  876683
=003  NjP
=006  m\\\\\\\\d\\\\\\\\
=007  cr\cn\|||m|||a
=008  210211s1989\\\\ir\\\\\\ob\\\\000\0\ara\\
=040  \\$aZYU$bara$erda$cZYU
=050  00$aKBP370.G43$bA33 1989
=100  1\$6880-01$aGharavī, Muḥammad Ḥusayn,$d1878-1942.
=245  10$6880-02$aBuḥūth fī al-fiqh /$cli-Muḥammad Ḥusayn al-Iṣfahānī al-mutawaffá 1361 H.
=250  \\$6880-03$aal-Ṭabʻah 2.
=260  \\$6880-04$aQum :$bMuʼassasat al-Nashr al-Islāmī,$c1989.
=300  \\$aonline resource (314 pages)
=336  \\$atext$2rdacontent
=337  \\$acomputer$2rdamedia
=338  \\$aonline resource$2rdacarrier
=500  \\$aPart of the Arabic Collections Online (ACO) project, contributed by Princeton University Libraries.
=504  \\$aIncludes bibliographical references.
=505  0\$aṢalāt al-jamāʻah -- Ṣalāt al-musāfir -- al-Ijārah.
=533  \\$aElectronic reproduction.$bNew York, N.Y. :$cNew York University,$d2021.$5NNU
=650  \0$aIslamic law.
=650  \0$aLeases (Islamic law)
=650  \0$aPrayer$xIslam.
=650  \0$aShiites.
=650  \7$aIslamic law.$2fast$0(OCoLC)fst00979949
=650  \7$aLeases (Islamic law)$2fast$0(OCoLC)fst00995068
=650  \7$aPrayer$xIslam.$2fast$0(OCoLC)fst01074698
=650  \7$aShiites.$2fast$0(OCoLC)fst01115976
=710  2\$aPrinceton University.$bLibrary.
=730  0\$aArabic Collections Online.
=776  08$iPrint version:$aGharavī, Muḥammad Ḥusayn, 1878-1942.$tBuḥūth fī al-fiqh$w(NjP)876683$w(DLC)  2009366398$w(OCoLC)30322145
=856  40$uhttp://hdl.handle.net/2333.1/0zpc8h95 
=880  1\$6100-01$aغروي، محمد حسين،,$d1878-1942.
=880  10$6245-02$aبحوث في الفقه /$cلمحمد حسين الإصفهاني المتوفى 1361 ھ.
=880  \\$6250-03$aالطبعة 2.
=880  \\$6260-04$aقم :$bمؤسسة النشر الإسلامي،$c1989.
=959  \\$aNNU$bWEB$cGENI$t0$mElectronic access$s01
=999  \\$iNjP_876683$o(OCoLC)ocm30322145$sprinceton_aco003755:$sprinceton_aco003755:

