=LDR  01912nam a2200421Mi 4500
=001  6408643
=003  NjP
=006  m\\\\\\\\d\\\\\\\\
=007  cr\cn\|||m|||a
=008  210211s1957\\\\sy\\\\\\o\\\\\000\0\arard
=040  \\$aZYU$bara$erda$cZYU
=041  1\$aara$hurd
=050  \4$aBP161.2$b.M38
=100  1\$6880-01$aMaudoodi, Syed Abul ʻAla,$d1903-1979.
=245  10$6880-02$aMabādiʼ al-Islām.
=260  \\$6880-03$aDimashq :$bMaktabat al-Shabāb al-Muslim,$c[1957]
=300  \\$aonline resource (144 pages.)
=336  \\$atext$2rdacontent
=337  \\$acomputer$2rdamedia
=338  \\$aonline resource$2rdacarrier
=490  1\$6880-04$aDhakhāʼir al-Fikr al-Islāmī ;$vv. 1
=500  \\$aTranslated from Urdu into Arabic by Muḥammad ʻĀsim al-Ḥaddād.
=500  \\$aPart of the Arabic Collections Online (ACO) project, contributed by Princeton University Libraries.
=533  \\$aElectronic reproduction.$bNew York, N.Y. :$cNew York University,$d2021.$5NNU
=650  \0$aIslam.
=650  \7$aIslam.$2fast$0(OCoLC)fst00979776
=710  2\$aPrinceton University.$bLibrary.
=730  0\$aArabic Collections Online.
=776  08$iPrint version:$aMaudoodi, Syed Abul ʻAla, 1903-1979.$tMabādiʼ al-Islām$w(NjP)6408643$w(OCoLC)18300393
=830  \0$6880-05$aDhakhāʼir al-Fikr al-Islāmī ;$vv. 1.
=856  40$uhttp://hdl.handle.net/2333.1/8931zpsv 
=880  1\$6100-01$aمودودي، سيد ابو الأعلى،$d1903-1979
=880  10$6245-02$aمبادئ الاسلام.
=880  \\$6260-03$aدمشق :$bمكتبة الشباب المسلم،$c[1957]
=880  1\$6490-04$aذخائر الفكر الاسلامي ؛$vڤ. 1
=880  \0$6830-05$aذخائر الفكر الاسلامي ؛$vڤ. 1.
=959  \\$aNNU$bWEB$cGENI$t0$mElectronic access$s01
=999  \\$iNjP_6408643$o(OCoLC)ocm18300393$sprinceton_aco002888$e(ERROR-880)(ERROR-SERIES)$sprinceton_aco002888

