=LDR  01886nam a2200433Mi 4500
=001  1025684
=003  NjP
=006  m\\\\\\\\d\\\\\\\\
=007  cr\cn\|||m|||a
=008  210211s1989\\\\ir\\\\\\ob\\\\000\0\ara\d
=040  \\$aZYU$bara$erda$cZYU
=050  14$aBP161.2$b.M823 1989
=100  1\$6880-01$aMudarrisī, Muḥammad Taqī.
=245  13$6880-02$aal-Taḥaddī al-Islāmī /$cMuḥammad Taqī al-Mudarrisī.
=250  \\$6880-03$aal-Ṭabʻah 1.
=260  \\$6880-04$a[Iran] :$bMaktab al-ʻAllāmah al-Mudarrisī,$c1410 [1989]
=300  \\$aonline resource (315 pages)
=336  \\$atext$2rdacontent
=337  \\$acomputer$2rdamedia
=338  \\$aonline resource$2rdacarrier
=500  \\$aCover title.
=500  \\$aPart of the Arabic Collections Online (ACO) project, contributed by Princeton University Libraries.
=504  \\$aIncludes bibliographical references.
=533  \\$aElectronic reproduction.$bNew York, N.Y. :$cNew York University,$d2021.$5NNU
=650  \0$aIslam$y20th century.
=650  \0$aIslam and humanism.
=650  \7$aIslam.$2fast$0(OCoLC)fst00979776
=650  \7$aIslam and humanism.$2fast$0(OCoLC)fst00979872
=648  \7$a1900-1999$2fast
=710  2\$aPrinceton University.$bLibrary.
=730  0\$aArabic Collections Online.
=776  08$iPrint version:$aMudarrisī, Muḥammad Taqī.$tal-Taḥaddī al-Islāmī$w(NjP)1025684$w(OCoLC)34031447
=856  40$uhttp://hdl.handle.net/2333.1/12jm6dw3 
=880  1\$6100-01$aمدرسي، محمد تقي.
=880  12$6245-02$aالتحدي الاسلامي /$cمحمد تقي المدرسي.
=880  \\$6250-03$aالطبعة 1.
=880  \\$6260-04$a[ايران] :$bمكتب العلامة المدرسي،$c1410 [1989]
=959  \\$aNNU$bWEB$cGENI$t0$mElectronic access$s01
=999  \\$iNjP_1025684$o(OCoLC)ocm34031447$sprinceton_aco002925$e(ERROR-880)$sprinceton_aco002925

