=LDR  02167nam a2200433Mi 4500
=001  371739
=003  NjP
=006  m\\\\\\\\d\\\\\\\\
=007  cr\cn\|||m|||a
=008  210211s1913\\\\sy\\\\\\ob\\\\000\0\ara\d
=040  \\$aZYU$bara$erda$cZYU
=043  \\$aa-sy---
=050  14$aDS99.H28$bS3 1913
=100  1\$6880-01$aṢābūnī, Aḥmad ibn Ibrāhīm.
=245  10$6880-02$aTārīkh Ḥamāh /$ctaʼlīf Aḥmad ibn Ibrāhīm al-Ṣābūnī.
=250  \\$6880-03$aal-Ṭabʻah 1.
=260  \\$6880-04$aḤamāh, Sūrīyā :$bBi-nafaqat Maktabat ʻUnwān al-Najāḥ,$c1913.
=300  \\$aonline resource (171 pages)
=336  \\$atext$2rdacontent
=337  \\$acomputer$2rdamedia
=338  \\$aonline resource$2rdacarrier
=500  \\$aThe book has been dated 1332 H. which = 1913-1914.
=500  \\$aPart of the Arabic Collections Online (ACO) project, contributed by Princeton University Libraries.
=533  \\$aElectronic reproduction.$bNew York, N.Y. :$cNew York University,$d2021.$5NNU
=651  \0$6880-05$aḤamāh (Syria)$xHistory.
=651  \7$aSyria$zḤamāh.$2fast$0(OCoLC)fst01216159
=655  \7$aHistory.$2fast$0(OCoLC)fst01411628
=710  2\$aPrinceton University.$bLibrary.
=730  0\$aArabic Collections Online.
=776  08$iOnline version:$aṢābūnī, Aḥmad ibn Ibrāhīm.$tTārīkh Ḥamāh.$bal-Ṭabʻah 1.$dḤamāh, [Syria] Bi-nafaqat Maktabat ʻUnwān al-Najāḥ, 1332 [1913 or 1914]$w(OCoLC)656811930
=776  08$iPrint version:$aṢābūnī, Aḥmad ibn Ibrāhīm.$tTārīkh Ḥamāh$w(NjP)371739$w(OCoLC)83163197
=856  40$uhttp://hdl.handle.net/2333.1/b8gtj49d 
=880  1\$6100-01$aصابوني، أحمد بن ابراهيم.
=880  10$6245-02$aتاريخ حماة /$cتأليف أحمد بن ابراهيم الصابوني.
=880  \\$6250-03$aالطبعة 1.
=880  \\$6260-04$aحماه، سوريا :$bبنفقة مكتبة عنوان النجاح،$c1913.
=880  \4$6651-05$aحماة (سوريا)
=959  \\$aNNU$bWEB$cGENI$t0$mElectronic access$s01
=999  \\$iNjP_371739$o(OCoLC)ocm83163197$sprinceton_aco003793:$sprinceton_aco003793:

