=LDR  01848nam a2200397Mi 4500
=001  1282171
=003  NjP
=006  m\\\\\\\\d\\\\\\\\
=007  cr\cn\|||m|||a
=008  210211s1967\\\\ir\a\\\\o\\\\\001\0\ara\d
=040  \\$aZYU$bara$erda$cZYU
=050  \4$aBP100$b1967
=130  0\$6880-01$aQurʼan.
=245  13$6880-02$aal-Qurʼān mubīn wa-fahāris al-Qurʼān /$cbi-kūshish-i Maḥmūd Rāmyār.
=260  \\$6880-03$aṬihrān, Īrān :$bAmīr Kabīr,$c1345 [1967]
=300  \\$aonline resource (1040 pages) :$bcolor illustrations
=336  \\$atext$2rdacontent
=337  \\$acomputer$2rdamedia
=338  \\$aonline resource$2rdacarrier
=500  \\$aPart of the Arabic Collections Online (ACO) project, contributed by Princeton University Libraries.
=533  \\$aElectronic reproduction.$bNew York, N.Y. :$cNew York University,$d2021.$5NNU
=546  \\$aText of the Qurʼān and indexes in Arabic; introductions to text and indexes in Persian.
=630  00$aQurʼan$vConcordances.
=630  07$aQurʼan.$2fast$0(OCoLC)fst01842877
=655  \7$aConcordances.$2fast$0(OCoLC)fst01423768
=700  1\$6880-04$aRāmyār, Maḥmūd.
=710  2\$aPrinceton University.$bLibrary.
=730  0\$aArabic Collections Online.
=776  08$iPrint version:$tal-Qurʼān mubīn wa-fahāris al-Qurʼān$w(NjP)1282171$w(OCoLC)23483878
=856  40$uhttp://hdl.handle.net/2333.1/wh70s81h 
=880  0\$6130-01$aقرأن.
=880  12$6245-02$aالقرآن مبين وفهارس القرآن /$cبكوششا محمود راميار.
=880  \\$6260-03$aطهران، إيران :$bأمير كبير،$c1345 [1967]
=880  1\$6700-04$aراميار، محمود.
=959  \\$aNNU$bWEB$cGENI$t0$mElectronic access$s01
=999  \\$iNjP_1282171$o(OCoLC)ocm23483878$sprinceton_aco003820:$e(ERROR-880)$sprinceton_aco003820:

