=LDR  02004nam a2200361Mi 4500
=001  882286
=003  NjP
=006  m\\\\\\\\d\\\\\\\\
=007  cr\cn\|||m|||a
=008  210211s1987\\\\ir\\\\\\ob\\\\000\0\ara\d
=040  \\$aZYU$bara$erda$cZYU
=050  \4$aBP193.19$b.U83 1987
=100  1\$6880-01$aMuḥammad, ʻAbd al-Zahrāʼ ʻUthmān.
=245  13$6880-02$aal-Imām Muḥammad ibn ʻAlī al-Jawād :$btāsiʻ aʼimmat ahl al-bayt ʻalayhum al-salām /$cʻAbd al-Zahrāʼ ʻUthmān Muḥammad.
=260  \\$6880-03$aMashhad, Īrān :$bMajmaʻ al-Buḥūth al-Islāmīyah,$c1408 [1987 or 1988]
=300  \\$aonline resource (149 pages)
=336  \\$atext$2rdacontent
=337  \\$acomputer$2rdamedia
=338  \\$aonline resource$2rdacarrier
=500  \\$aPart of the Arabic Collections Online (ACO) project, contributed by Princeton University Libraries.
=504  \\$aIncludes bibliographical references (pages 145-149).
=533  \\$aElectronic reproduction.$bNew York, N.Y. :$cNew York University,$d2021.$5NNU
=600  10$aJawād, Muḥammad ibn ʻAlī,$d810 or 811-835 or 836.
=600  17$aJawād, Muḥammad ibn ʻAlī,$d810 or 811-835 or 836.$2fast$0(OCoLC)fst01826926
=710  2\$aPrinceton University.$bLibrary.
=730  0\$aArabic Collections Online.
=776  08$iPrint version:$aMuḥammad, ʻAbd al-Zahrāʼ ʻUthmān.$tal-Imām Muḥammad ibn ʻAlī al-Jawād$w(NjP)882286$w(OCoLC)30452631
=856  40$uhttp://hdl.handle.net/2333.1/pnvx0wdk 
=880  1\$6100-01$aمحمد، عبد الزهراء عثمان.
=880  12$6245-02$aالامام محمد بن علي الجواد :$bتاسع أمة اهل البيت عليهم السلام /$cعبد الزهراء عثمان محمد.
=880  \\$6260-03$aمشهد، ايران :$bمجمع البحوث الاسلامية،$c1408 [1987 or 1988]
=959  \\$aNNU$bWEB$cGENI$t0$mElectronic access$s01
=999  \\$iNjP_882286$o(OCoLC)ocm30452631$sprinceton_aco002745$e(ERROR-880)$sprinceton_aco002745

