=LDR  02390nam a2200457Mi 4500
=001  2739425
=003  NjP
=006  m\\\\\\\\d\\\\\\\\
=007  cr\cn\|||m|||a
=008  210211s1966\\\\iq\\\\\\ob\\\f000\0\ara\c
=040  \\$aZYU$bara$erda$cZYU
=043  \\$aar-----
=050  \4$aDS247.A13$bT33 1966
=100  1\$6880-01$aTikrītī, Salīm Ṭāhā.
=245  13$6880-02$aAl-Ṣirāʻ ʻalā al-Khalīj al-ʻArabī /$ctaʼlīf Salīm Ṭāhā al-Takrītī.
=260  \\$6880-03$aBaghdād :$bWizārat al-Thaqāfah wa-al-Irshād,$c1966.
=300  \\$aonline resource (146 pages)
=336  \\$atext$2rdacontent
=337  \\$acomputer$2rdamedia
=338  \\$aonline resource$2rdacarrier
=490  1\$6880-04$aSilsilah al-siyāsīyah ;$v12
=500  \\$a"Mulḥaq ittifāqāt wa-muʻāhadāt al-Khalīj al-ʻArabī": pages 109-143.
=500  \\$aPart of the Arabic Collections Online (ACO) project, contributed by Princeton University Libraries.
=504  \\$aIncludes bibliographical references (pages 144-146).
=533  \\$aElectronic reproduction.$bNew York, N.Y. :$cNew York University,$d2021.$5NNU
=651  \0$aPersian Gulf States$xHistory.
=651  \7$aMiddle East$zPersian Gulf States.$2fast$0(OCoLC)fst01244350
=655  \7$aHistory.$2fast$0(OCoLC)fst01411628
=710  2\$aPrinceton University.$bLibrary.
=730  0\$aArabic Collections Online.
=776  08$iOnline version:$aTikrītī, Salīm Ṭāhā.$tṢirāʻ ʻalā al-Khalīj al-ʻArabī.$dBaghdād, Wizārat al-Thaqāfah wa-al-Irshād, 1966$w(OCoLC)555468268
=776  08$iPrint version:$aTikrītī, Salīm Ṭāhā.$tAl-Ṣirāʻ ʻalā al-Khalīj al-ʻArabī$w(NjP)2739425$w(DLC)ne 67001994 $w(OCoLC)8962151
=830  \0$6880-05$aSilsilah al-siyāsīyah ;$v12.
=856  40$uhttp://hdl.handle.net/2333.1/g1jwt4r2 
=880  1\$6100-01$aتكريتي، سليم طه.
=880  12$6245-02$aالصراع على الخليج العربي /$cتاليف سليم طه التكريتي.
=880  \\$6260-03$aبغداد :$bوزارة الثقافة والارشاد،$c١٩٦٦.
=880  1\$6490-04$aسلسلة السياسية ؛$v١٢
=880  \0$6830-05$aسلسلة السياسية ؛$v١٢.
=959  \\$aNNU$bWEB$cGENI$t0$mElectronic access$s01
=999  \\$iNjP_2739425$o(OCoLC)ocm08962151$sprinceton_aco002112$e(ERROR-880)$sprinceton_aco002112

