=LDR  01887nam a2200385Mi 4500
=001  241037
=003  NjP
=006  m\\\\\\\\d\\\\\\\\
=007  cr\cn\|||m|||a
=008  210211s1983\\\\ir\\\\\\o\\\\\000\0\ara\d
=040  \\$aZYU$bara$erda$cZYU
=050  \4$aBP156$b.S48 1983
=082  04$a340.59
=100  1\$6880-01$aShubbar, ʻAbd Allāh ibn Muḥammad Riḍā,$d1774 or 1775-1826 or 1827.
=245  13$6880-02$aal-Uṣūl al-aṣlīyah wa-al-qawāʼid al-sharʻīyah /$ctaʼlīf ʻAbd Allāh Shubbar.
=260  \\$6880-03$aQum :$bMaktabat al-Mufīd,$c1404 [1983 or 1984]
=300  \\$aonline resource (331 pages)
=336  \\$atext$2rdacontent
=337  \\$acomputer$2rdamedia
=338  \\$aonline resource$2rdacarrier
=500  \\$aPart of the Arabic Collections Online (ACO) project, contributed by Princeton University Libraries.
=533  \\$aElectronic reproduction.$bNew York, N.Y. :$cNew York University,$d2021.$5NNU
=650  \0$aIslamic law.
=650  \0$aShiites.
=650  \7$aIslamic law.$2fast$0(OCoLC)fst00979949
=650  \7$aShiites.$2fast$0(OCoLC)fst01115976
=710  2\$aPrinceton University.$bLibrary.
=730  0\$aArabic Collections Online.
=776  08$iPrint version:$aShubbar, ʻAbd Allāh ibn Muḥammad Riḍā, 1774 or 1775-1826 or 1827.$tal-Uṣūl al-aṣlīyah wa-al-qawāʼid al-sharʻīyah$w(NjP)241037$w(OCoLC)33922897
=856  40$uhttp://hdl.handle.net/2333.1/7h44jb19 
=880  1\$6100-01$aشبر، عبد الله بن محمد رضا،$d1774 or 1775-1826 or 1827.
=880  12$6245-02$aالأصول الأصلية والقواعد الشرعية /$cتأليف عبد الله شبر.
=880  \\$6260-03$aقم :$bمكتبة المفيد،$c1404 [1983 or 1984]
=959  \\$aNNU$bWEB$cGENI$t0$mElectronic access$s01
=999  \\$iNjP_241037$o(OCoLC)ocm33922897$sprinceton_aco003468:$e(ERROR-880)$sprinceton_aco003468:

