=LDR  02162nam a2200409Mi 4500
=001  1310397
=003  NjP
=006  m\\\\\\\\d\\\\\\\\
=007  cr\cn\|||m|||a
=008  210211s1924\\\\ua\a\\\\o\\\\\000\0\ara\d
=040  \\$aZYU$bara$erda$cZYU
=043  \\$aa-ba---$aa-iq---
=050  \4$aDS247.B27$bN23 1924
=100  1\$6880-01$aNabhānī, Muḥammad ibn Khalīfah,$d-1950.
=245  13$6880-02$aal-Tuḥfah al-Nabhānīyah :$bfī tāʹrīkh al-Jazīrah al-ʻArabīyah /$ctāʹlīf Muḥammad ibn Khalīfah ibn Ḥamad ibn Mūsā al-Nabhānī al-Ṭāʼī thumma al-Makkī al-Malikī.
=260  \\$6880-03$a[al-Qāhirah] :$bal-Maṭbaʻat al-Maḥmūdīyah,$c1342 [1924?]
=300  \\$aonline resource (262 pages) :$billustrations
=336  \\$atext$2rdacontent
=337  \\$acomputer$2rdamedia
=338  \\$aonline resource$2rdacarrier
=500  \\$aPart of the Arabic Collections Online (ACO) project, contributed by Princeton University Libraries.
=533  \\$aElectronic reproduction.$bNew York, N.Y. :$cNew York University,$d2021.$5NNU
=546  \\$aTitle-page and text in Arabic.
=651  \0$aBahrain$xHistory.
=651  \0$aBaṣrah (Iraq)$xHistory.
=651  \7$aBahrain.$2fast$0(OCoLC)fst01206601
=651  \7$aIraq$zBaṣrah.$2fast$0(OCoLC)fst01210191
=655  \7$aHistory.$2fast$0(OCoLC)fst01411628
=710  2\$aPrinceton University.$bLibrary.
=730  0\$aArabic Collections Online.
=776  08$iPrint version:$aNabhānī, Muḥammad ibn Khalīfah, -1950.$tal-Tuḥfah al-Nabhānīyah$w(NjP)1310397$w(OCoLC)42946258
=856  40$uhttp://hdl.handle.net/2333.1/q83bkdnz 
=880  1\$6100-01$aنبهاني، محمد بن خليفة،$d-1950.
=880  12$6245-02$aالتحفة النبهانية :$bفي تاريخ الجزيرة العربية /$cتاليف محمد بن خليفة بن موسى النبهاني الطايي ثم المكي المالكي.
=880  \\$6260-03$a[القاهرة] :$bالمطبعة المحمودية،$c1342 [1924؟]
=959  \\$aNNU$bWEB$cGENI$t0$mElectronic access$s01
=999  \\$iNjP_1310397$o(OCoLC)ocm42946258$sprinceton_aco004467:$sprinceton_aco004467:

