=LDR  01974nam a2200397Mi 4500
=001  496537
=003  NjP
=006  m\\\\\\\\d\\\\\\\\
=007  cr\cn\|||m|||a
=008  210211s1983\\\\ir\\\\\\o\\\\\000\0\ara\d
=040  \\$aZYU$bara$erda$cZYU
=050  \4$aBP166.93$b.A25 1984
=100  1\$6880-01$aʻĀbidī al-Khurāsānī, Faḍl.
=245  10$6880-02$aQāṭiʻ al-bayān fī al-āyāt al-muʼawwilah bi-Ṣāḥib al-Zamān (ʻaj) /$cli-muʼallifihi Faḍl al-ʻĀbidī al-Khurāsānī.
=250  \\$6880-03$aal-Ṭabʻah 1.
=260  \\$6880-04$a[Iran] :$bDār al-Murtaḍá,$c[1984?]
=300  \\$aonline resource (452 pages)
=336  \\$atext$2rdacontent
=337  \\$acomputer$2rdamedia
=338  \\$aonline resource$2rdacarrier
=500  \\$aPart of the Arabic Collections Online (ACO) project, contributed by Princeton University Libraries.
=533  \\$aElectronic reproduction.$bNew York, N.Y. :$cNew York University,$d2021.$5NNU
=650  \0$aMahdi.
=650  \0$aShīʻah$xDoctrines.
=650  \7$aMahdi.$2fast$0(OCoLC)fst01005989
=650  \7$aShīʻah$xDoctrines.$2fast$0(OCoLC)fst01117948
=710  2\$aPrinceton University.$bLibrary.
=730  0\$aArabic Collections Online.
=776  08$iPrint version:$aʻĀbidī al-Khurāsānī, Faḍl.$tQāṭiʻ al-bayān fī al-āyāt al-muʼawwilah bi-Ṣāḥib al-Zamān (ʻaj)$w(NjP)496537$w(OCoLC)25345398
=856  40$uhttp://hdl.handle.net/2333.1/1vhhmsq9 
=880  1\$6100-01$a‏عابدي الخراساني، فضل.
=880  10$6245-02$a‏قاطع البيان في الآيات الموؤلة بصاحب الزمان (عج) /‏$c‏لفضل ... العابدي الخراساني.
=880  \\$6250-03$a‏الطبعة 1.
=880  \\$6260-04$a‏[ايران] :‏$b‏دار المرتضى،‏$c‏[1984؟]
=959  \\$aNNU$bWEB$cGENI$t0$mElectronic access$s01
=999  \\$iNjP_496537$o(OCoLC)ocm25345398$sprinceton_aco002955$sprinceton_aco002955

