=LDR  02024nam a2200445Mi 4500
=001  2745165
=003  NjP
=006  m\\\\\\\\d\\\\\\\\
=007  cr\cn\|||m|||a
=008  210211s1954\\\\ua\bcf\\o\\\\f000\0barar\
=040  \\$aZYU$bara$erda$cZYU
=043  \\$af-sj---
=050  00$aDT156.7$b.N33 1954
=100  1\$6880-01$aNaguib, Mohammed,$d1901-
=245  10$6880-02$aRisālah ʻan al-Sūdān /$ckatabahā Muḥammad Najīb.
=260  \\$6880-03$aal-Qāhirah :$bal-Maṭbaʻah al-Amīrīyah,$c1954.
=300  \\$aonline resource (6, 96 pages, 9 unnumbered leaves of plates) :$bmaps, portraits
=336  \\$atext$2rdacontent
=337  \\$acomputer$2rdamedia
=338  \\$aonline resource$2rdacarrier
=500  \\$aPart of the Arabic Collections Online (ACO) project, contributed by Princeton University Libraries.
=533  \\$aElectronic reproduction.$bNew York, N.Y. :$cNew York University,$d2021.$5NNU
=600  10$aNaguib, Mohammed,$d1901-
=600  17$aNaguib, Mohammed,$d1901-$2fast$0(OCoLC)fst00123590
=651  \0$aSudan$xPolitics and government.
=650  \0$aPresidents$zEgypt$vBiography.
=650  \7$aPolitics and government$2fast$0(OCoLC)fst01919741
=650  \7$aPresidents.$2fast$0(OCoLC)fst01075723
=651  \7$aEgypt.$2fast$0(OCoLC)fst01208755
=651  \7$aSudan.$2fast$0(OCoLC)fst01204591
=655  \7$aBiographies.$2fast$0(OCoLC)fst01919896
=710  2\$aPrinceton University.$bLibrary.
=730  0\$aArabic Collections Online.
=776  08$iPrint version:$aNaguib, Mohammed, 1901-$tRisālah ʻan al-Sūdān$w(NjP)2745165$w(DLC)  80960976 $w(OCoLC)12104317
=856  40$uhttp://hdl.handle.net/2333.1/8kprrfxj 
=880  1\$6100-01$aنجيب، محمد،$d1901-
=880  10$6245-02$aرسالة عن السودان /$cكتبها محمد نجيب.
=880  \\$6260-03$aالقاهرة :$bالمطبعة الأميرية،$c1954.
=959  \\$aNNU$bWEB$cGENI$t0$mElectronic access$s01
=999  \\$iNjP_2745165$o(OCoLC)ocm12104317$sprinceton_aco002306$sprinceton_aco002306

