=LDR  02499nam a2200445Mi 4500
=001  1570411
=003  NjP
=006  m\\\\\\\\d\\\\\\\\
=007  cr\cn\|||m|||a
=008  210211s1970\\\\iq\\\\\\ob\\\\000\0\arar\
=040  \\$aZYU$bara$erda$cZYU
=050  00$aBP193$b.T34 1970
=100  1\$6880-01$aṬabarsī, al-Faḍl ibn al-Ḥasan,$d-1153.
=245  10$6880-02$aIʻlām al-wará bi-aʻlām al-hudá /$ctaʼlīf Abī ʻAlī al-Faḍl ibn al-Ḥasan al-Ṭabarsī. Qaddama lah Muḥammad Mahdī Ḥasan al-Kharsān.
=250  \\$6880-03$aal-Ṭabʻah 3.
=260  \\$6880-04$aal-Najaf :$bal-Maktabah al-Ḥaydarīyah,$c1970.
=300  \\$aonline resource (487 pages)
=336  \\$atext$2rdacontent
=337  \\$acomputer$2rdamedia
=338  \\$aonline resource$2rdacarrier
=500  \\$aCover title: Ielam al-wara belelam al-huda, by Abi Ali al-Phalhil ebin al-Hasan al-Tabersi.
=500  \\$aPart of the Arabic Collections Online (ACO) project, contributed by Princeton University Libraries.
=504  \\$aIncludes bibliographical references.
=533  \\$aElectronic reproduction.$bNew York, N.Y. :$cNew York University,$d2021.$5NNU
=650  \0$aImams (Shiites)
=600  04$aʻAlī ibn Abī Ṭālib,$cCaliph,$dapproximately 600-661.
=650  \7$aImams (Shiites)$2fast$0(OCoLC)fst00967650
=700  1\$6880-05$aKharsān, Muḥammad Mahdī Ḥasan.
=710  2\$aPrinceton University.$bLibrary.
=730  0\$aArabic Collections Online.
=776  08$iOnline version:$aṬabarsī, al-Faḍl ibn al-Ḥasan, -1153.$tIʻlām al-wará bi-aʻlām al-hudá.$bal-Ṭabʻah 3.$dal-Najaf, al-Maktabah al-Ḥaydarīyah, 1970$w(OCoLC)551273606
=776  08$iPrint version:$aṬabarsī, al-Faḍl ibn al-Ḥasan, -1153.$tIʻlām al-wará bi-aʻlām al-hudá$w(NjP)1570411$w(DLC)  72297459 $w(OCoLC)9038682
=856  40$uhttp://hdl.handle.net/2333.1/sj3txmcj 
=880  1\$6100-01$aطبرسي، الفضل بن الحسن،$d-1153.
=880  10$6245-02$aإعلام الورى بأعلام الهدى /$cتأليف أبي علي الفضل بن الحسن الطبرسي ؛ قدم له محمد مهدي حسن الخرسان.
=880  \\$6250-03$aالطبعة 3.
=880  \\$6260-04$aالنجف :$bالمكتبة الحيدرية،$c1970.
=880  1\$6700-05$aخرسان، محمد مهدي حسن.
=959  \\$aNNU$bWEB$cGENI$t0$mElectronic access$s01
=999  \\$iNjP_1570411$o(OCoLC)ocm09038682$sprinceton_aco003213$e(ERROR-880)$sprinceton_aco003213

