=LDR  01858nam a2200373Mi 4500
=001  2755799
=003  NjP
=006  m\\\\\\\\d\\\\\\\\
=007  cr\cn\|||m|||a
=008  210211s1961\\\\sy\a\\\\o\\\\\000\0\arard
=040  \\$aZYU$bara$erda$cZYU
=050  \4$aBP187.6.D35$bJ357 1961
=100  1\$6880-01$aṬanṭāwī, ʻAlī,$d1909-
=245  13$6880-02$aal-Jāmiʻ al-Umawī fī Dimashq :$bwaṣf wa-taʼrīkh /$cmin taʼlīf ʻAlī al-Ṭanṭāwī.
=250  \\$6880-03$aal-Ṭabʻah 2.
=260  \\$6880-04$aDimashq :$bDār al-Fikr,$c1961.
=300  \\$aonline resource (87 pages) :$billustrations
=336  \\$atext$2rdacontent
=337  \\$acomputer$2rdamedia
=338  \\$aonline resource$2rdacarrier
=500  \\$aPart of the Arabic Collections Online (ACO) project, contributed by Princeton University Libraries.
=533  \\$aElectronic reproduction.$bNew York, N.Y. :$cNew York University,$d2021.$5NNU
=610  20$aJāmiʻ al-Umawī (Damascus, Syria)
=710  2\$aPrinceton University.$bLibrary.
=730  0\$aArabic Collections Online.
=776  08$iOnline version:$aṬanṭāwī, ʻAlī, 1909-$tJāmiʻ al-Umawī fī Dimashq.$bal-Ṭabʻah 2.$dDimashq : Dār al-Fikr, 1961$w(OCoLC)555455914
=776  08$iPrint version:$aṬanṭāwī, ʻAlī, 1909-$tal-Jāmiʻ al-Umawī fī Dimashq$w(NjP)2755799$w(OCoLC)19643141
=856  40$uhttp://hdl.handle.net/2333.1/6djhb60q 
=880  1\$6100-01$aطنطاوي، علي،$d1909-
=880  12$6245-02$aالجامع الاموي في دمشق :$bوصف وتأريخ /$cمن تأليف علي الطنطاوي.
=880  \\$6250-03$aالطبعة 2.
=880  \\$6260-04$aدمشق :$bدار الفكر،$c1961.
=959  \\$aNNU$bWEB$cGENI$t0$mElectronic access$s01
=999  \\$iNjP_2755799$o(OCoLC)ocm19643141$sprinceton_aco003185$e(ERROR-880)$sprinceton_aco003185

