=LDR  01637nam a2200361Mi 4500
=001  464569
=003  NjP
=006  m\\\\\\\\d\\\\\\\\
=007  cr\cn\|||m|||a
=008  210211s1987\\\\ir\a\\\\o\\\\f000\0\ara\d
=040  \\$aZYU$bara$erda$cZYU
=043  \\$aa-ir---
=050  \4$aDS254$b.N39 1980z
=245  00$6880-01$aNaẓrah ʻalá al-Jumhūrīyah al-Islāmīyah al-Īrānīyah.
=260  \\$6880-02$aṬihrān, Īrān :$bWizārat al-Khārijīyah,$c[1987?]
=300  \\$aonline resource (100 pages) :$billustrations
=336  \\$atext$2rdacontent
=337  \\$acomputer$2rdamedia
=338  \\$aonline resource$2rdacarrier
=500  \\$aPart of the Arabic Collections Online (ACO) project, contributed by Princeton University Libraries.
=533  \\$aElectronic reproduction.$bNew York, N.Y. :$cNew York University,$d2021.$5NNU
=651  \0$aIran$xHistory$y1979-1997.
=651  \7$aIran.$2fast$0(OCoLC)fst01204889
=648  \7$a1979-1997$2fast
=655  \7$aHistory.$2fast$0(OCoLC)fst01411628
=710  2\$aPrinceton University.$bLibrary.
=730  0\$aArabic Collections Online.
=776  08$iPrint version:$tNaẓrah ʻalá al-Jumhūrīyah al-Islāmīyah al-Īrānīyah$w(NjP)464569$w(DLC) 88963566 $w(OCoLC)26126473
=856  40$uhttp://hdl.handle.net/2333.1/44j100cv 
=880  00$6245-01$aنظرة على الجمهورية الإسلامية الإيرانية.
=880  \\$6260-02$aطهران، إيران :$bوزارة الخارجية،$c[١٩٨٧؟]
=959  \\$aNNU$bWEB$cGENI$t0$mElectronic access$s01
=999  \\$iNjP_464569$o(OCoLC)ocm26126473$sprinceton_aco004217:$sprinceton_aco004217:

