=LDR  02961nam a2200517Mi 4500
=001  935512
=003  NjP
=006  m\\\\\\\\d\\\\\\\\
=007  cr\cn\|||m|||a
=008  210211s1990\\\\ir\\\\\\ob\\\\001\0dara\d
=040  \\$aZYU$bara$erda$cZYU
=050  14$aBP193$b.S44 1990
=100  1\$6880-01$aShāh ʻAbd al-ʻAẓīmī, Muḥammad ʻAlī ibn Muḥammad,$d1842-1916.
=245  13$6880-02$aal-Īqād fī wafayāt al-Nabī wa-al-Zahrāʼ wa-al-Aʼimmah ajmaʻīn, wa-tafṣīl waqʻat al-Ṭaff tamāman /$ctaʼlīf Muḥammad ʻAlī al-Shāh ʻAbd al-ʻAẓīmī ; taḥqīq Muḥammad Jawād al-Raḍawī al-Kashmīrī.
=250  \\$6880-03$aal-Ṭabʻah 1.
=260  \\$6880-04$aQum :$bManshūrāt al-Fīrūzābādī,$c1411 [1990]
=300  \\$aonline resource (352 pages)
=336  \\$atext$2rdacontent
=337  \\$acomputer$2rdamedia
=338  \\$aonline resource$2rdacarrier
=500  \\$aErrata slip inserted.
=500  \\$aPart of the Arabic Collections Online (ACO) project, contributed by Princeton University Libraries.
=504  \\$aIncludes bibliographical references (pages 347-350)-and indexes.
=533  \\$aElectronic reproduction.$bNew York, N.Y. :$cNew York University,$d2021.$5NNU
=650  \0$aImams (Shiites)$vBiography.
=600  00$aMuḥammad,$cProphet,$d-632.
=600  00$aFāṭimah,$d-632 or 633.
=650  \0$aIslam$xHistory.
=600  07$aFāṭimah,$d-632 or 633.$2fast$0(OCoLC)fst01818087
=600  07$aMuḥammad,$cProphet,$d-632.$2fast$0(OCoLC)fst01836298
=650  \7$aImams (Shiites)$2fast$0(OCoLC)fst00967650
=650  \7$aIslam.$2fast$0(OCoLC)fst00979776
=655  \7$aBiographies.$2fast$0(OCoLC)fst01919896
=655  \7$aHistory.$2fast$0(OCoLC)fst01411628
=700  1\$6880-05$aRaḍawī al-Kashmīrī, Muḥammad Jawād.
=710  2\$aPrinceton University.$bLibrary.
=730  0\$aArabic Collections Online.
=776  08$iPrint version:$aShāh ʻAbd al-ʻAẓīmī, Muḥammad ʻAlī ibn Muḥammad, 1842-1916.$tal-Īqād fī wafayāt al-Nabī wa-al-Zahrāʼ wa-al-Aʼimmah ajmaʻīn, wa-tafṣīl waqʻat al-Ṭaff tamāman$w(NjP)935512$w(OCoLC)31707162
=856  40$uhttp://hdl.handle.net/2333.1/w6m90gwk 
=880  1\$6100-01$aشاه عبد العظيمي، محمد علي بن محمد،$d1842-1916.
=880  12$6245-02$aالايقاد في وفيات النبي والزهراء والائمة اجمعين، وتفصيل وقعة الطف تماما ً/$cتأايف محمد علي الشاه عبد العظيمي ؛ تحقيق محمد جواد الرضوي الكشميري.
=880  \\$6250-03$aالطبعة 1.
=880  \\$6260-04$aقم :$bمنشورات الفيروزآبادي،$c1411 [1990]
=880  1\$6700-05$aرضوي الكشميري، محمد جواد.
=959  \\$aNNU$bWEB$cGENI$t0$mElectronic access$s01
=999  \\$iNjP_935512$o(OCoLC)ocm31707162$sprinceton_aco003496:$e(ERROR-880)$sprinceton_aco003496:

