=LDR  01912nam a2200397Mi 4500
=001  2834851
=003  NjP
=006  m\\\\\\\\d\\\\\\\\
=007  cr\cn\|||m|||a
=008  210211s197u\\\\ir\\\\\\ob\\\\000\0\ara\d
=040  \\$aZYU$bara$erda$cZYU
=050  \4$aBP194$b.S49x 1970z
=100  1\$6880-01$aShubbar, ʻAbd Allāh ibn Muḥammad Riḍā,$d1774 or 1775-1826 or 1827.
=245  10$6880-02$aḤaqq al-yaqīn fī maʻrifat uṣūl al-dīn.
=260  \\$6880-03$aTihrān :$bKānūn-i Intishārāt-i ʻĀbidī,$c[197-?]
=300  \\$aonline resource (2 volumes in 1.)
=336  \\$atext$2rdacontent
=337  \\$acomputer$2rdamedia
=338  \\$aonline resource$2rdacarrier
=500  \\$aPart of the Arabic Collections Online (ACO) project, contributed by Princeton University Libraries.
=533  \\$aElectronic reproduction.$bNew York, N.Y. :$cNew York University,$d2021.$5NNU
=546  \\$aIn Arabic.
=504  \\$aIncludes bibliographical references.
=650  \0$aShiites.
=650  \0$aIslamic eschatology.
=650  \7$aIslamic eschatology.$2fast$0(OCoLC)fst01730321
=650  \7$aShiites.$2fast$0(OCoLC)fst01115976
=710  2\$aPrinceton University.$bLibrary.
=730  0\$aArabic Collections Online.
=776  08$iPrint version:$aShubbar, ʻAbd Allāh ibn Muḥammad Riḍā, 1774 or 1775-1826 or 1827.$tḤaqq al-yaqīn fī maʻrifat uṣūl al-dīn$w(NjP)2834851$w(OCoLC)42914898
=856  40$uhttp://hdl.handle.net/2333.1/3tx9675g 
=880  1\$6100-01$aشبر، عبد الله بن محمد رضا،$d1774 or 1775-1826 or 1827.
=880  10$6245-02$aحق اليقين في معرفة اصول الدين.
=880  \\$6260-03$aتهران :$bکانون انتشارات عابدى،$c[197-?]
=959  \\$aNNU$bWEB$cGENI$t0$mElectronic access$s01
=999  \\$iNjP_2834851$o(OCoLC)ocm42914898$sprinceton_aco003564:juz 1-2$e(ERROR-880)$sprinceton_aco003564:juz 1-2

