=LDR  02216nam a2200421Mi 4500
=001  1027629
=003  NjP
=006  m\\\\\\\\d\\\\\\\\
=007  cr\cn\|||m|||a
=008  210211s1990\\\\ir\\\\\\o\\\\\000\0bara\d
=040  \\$aZYU$bara$erda$cZYU
=050  14$aBP193.13.A3$bK377 1990
=100  1\$6880-01$aKattānī, Sulaymān.
=245  13$6880-02$aal-Imām al-Ḥusayn fī ḥullat al-barfīr :$bdirāsah adabīyah taẓhīrīyah fī sīrat al-Imām al-Ḥusayn /$ctaʼlīf Sulaymān Kattānī.
=250  \\$6880-03$aal-Ṭabʻah 1.
=260  \\$6880-04$aQum, Īrān :$bDār al-Kitāb al-Islāmī,$c1990.
=300  \\$aonline resource (176 pages)
=336  \\$atext$2rdacontent
=337  \\$acomputer$2rdamedia
=338  \\$aonline resource$2rdacarrier
=500  \\$a"Al-Kitāb alladhī aḥraza al-jāʼizah al-ūlá fī musābaqah lil-taʼlīf ʻan al-Imām al-Ḥusayn, ʻalayhi al-salām."
=500  \\$aPart of the Arabic Collections Online (ACO) project, contributed by Princeton University Libraries.
=533  \\$aElectronic reproduction.$bNew York, N.Y. :$cNew York University,$d2021.$5NNU
=600  00$aḤusayn ibn ʻAlī,$d-680.
=650  \0$aImams (Shiites)$vBiography.
=600  07$aḤusayn ibn ʻAlī,$d-680$2fast$0(OCoLC)fst01825184
=650  \7$aImams (Shiites)$2fast$0(OCoLC)fst00967650
=655  \7$aBiographies.$2fast$0(OCoLC)fst01919896
=710  2\$aPrinceton University.$bLibrary.
=730  0\$aArabic Collections Online.
=776  08$iPrint version:$aKattānī, Sulaymān.$tal-Imām al-Ḥusayn fī ḥullat al-barfīr$w(NjP)1027629$w(OCoLC)34094840
=856  40$uhttp://hdl.handle.net/2333.1/cjsxm3nw 
=880  1\$6100-01$aكتاني، سليمان.
=880  12$6245-02$aالإمام الحسين في حلة البرفير :$bدراسة أدبية تظهيرية في سيرة الإمام الحسين /$cتأليف سليمان الكتاني.
=880  \\$6250-03$aالطبعة 1.
=880  \\$6260-04$aقم، ايران :$bدار الكتاب الإسلامي،$c1990.
=959  \\$aNNU$bWEB$cGENI$t0$mElectronic access$s01
=999  \\$iNjP_1027629$o(OCoLC)ocm34094840$sprinceton_aco003093$e(ERROR-880)$sprinceton_aco003093

