=LDR  02158nam a2200409Mi 4500
=001  392822
=003  NjP
=006  m\\\\\\\\d\\\\\\\\
=007  cr\cn\|||m|||a
=008  210211s1935\\\\le\\\\\\ob\\\\000\0\ara\d
=040  \\$aZYU$bara$erda$cZYU
=043  \\$aa-sy---
=050  \4$aHC497.S8$bH3 1935
=100  1\$6880-01$aḤamādah, Saʻīd.
=245  13$6880-02$aal-Niẓām al-naqdī wa-al-ṣarāfī fī Sūriyā /$ctaʼlīf Saʻīd Ḥamādah ; naqalahu ʻan al-Inkilīzīyah Shibl Dammūs.
=260  \\$6880-03$a[Beirut] :$bal-Jāmiʻah al-Amirīkīyah fī Bayrūt,$c1935.
=300  \\$aonline resource (325 pages)
=336  \\$atext$2rdacontent
=337  \\$acomputer$2rdamedia
=338  \\$aonline resource$2rdacarrier
=500  \\$aPart of the Arabic Collections Online (ACO) project, contributed by Princeton University Libraries.
=504  \\$aIncludes bibliographical references (pages 317-324).
=533  \\$aElectronic reproduction.$bNew York, N.Y. :$cNew York University,$d2021.$5NNU
=650  \0$aMoney$zSyria$xHistory.
=650  \7$aMoney.$2fast$0(OCoLC)fst01025265
=651  \7$aSyria.$2fast$0(OCoLC)fst01208757
=655  \7$aHistory.$2fast$0(OCoLC)fst01411628
=710  2\$aPrinceton University.$bLibrary.
=730  0\$aArabic Collections Online.
=776  08$iOnline version:$aḤamādah, Saʻīd.$tNiẓām al-naqdī wa-al-ṣarāfī fī Sūriyā.$d[Beirut] : al-Jāmiʻah al-Amirīkīyah fī Bayrūt, 1935$w(OCoLC)632301946
=776  08$iPrint version:$aḤamādah, Saʻīd.$tal-Niẓām al-naqdī wa-al-ṣarāfī fī Sūriyā$w(NjP)392822$w(OCoLC)22317230
=856  40$uhttp://hdl.handle.net/2333.1/mkkwhj2h 
=880  1\$6100-01$aحمادة، سعيد.
=880  12$6245-02$aالنظام النقدي والصرافي في سوريا /$cتأليف سعيد حمادة ؛ نقله عن الانكليزية شبل دموس.
=880  \\$6260-03$a[بيروت] :$bالجامعة الامريكية في بيروت،$c1935.
=959  \\$aNNU$bWEB$cGENI$t0$mElectronic access$s01
=999  \\$iNjP_392822$o(OCoLC)ocm22317230$sprinceton_aco003778:$e(ERROR-880)$sprinceton_aco003778:

