=LDR  02003nam a2200385Mi 4500
=001  333669
=003  NjP
=006  m\\\\\\\\d\\\\\\\\
=007  cr\cn\|||m|||a
=008  210211s1923\\\\ua\\\\\\o\\\\\000\0\arard
=040  \\$aZYU$bara$erda$cZYU
=050  04$aDS215$b.F37 (Orien Arab)
=245  00$6880-01$aFatāwá kibār al-kuttāb wa-al-udabāʼ fī :$b1, Mustaqbal al-lughah al-ʻArabīyah ; 2, Nahḍat al-sharq al-ʻArabī wa-mawqifuhu izāʼa al-madanīyah al-gharbīyah.
=260  \\$6880-02$aMiṣr :$bIdārat al-Hilāl,$c1923.
=300  \\$aonline resource (159 pages)
=336  \\$atext$2rdacontent
=337  \\$acomputer$2rdamedia
=338  \\$aonline resource$2rdacarrier
=500  \\$aPart of the Arabic Collections Online (ACO) project, contributed by Princeton University Libraries.
=533  \\$aElectronic reproduction.$bNew York, N.Y. :$cNew York University,$d2021.$5NNU
=650  \0$aArabic language.
=650  \0$aCivilization, Arab.
=650  \7$aArabic language.$2fast$0(OCoLC)fst00812287
=650  \7$aCivilization, Arab.$2fast$0(OCoLC)fst00862967
=710  2\$aPrinceton University.$bLibrary.
=730  0\$6880-03$aHilāl.
=730  0\$aArabic Collections Online.
=776  08$iOnline version:$tFatāwá kibār al-kuttāb wa-al-udabāʼ fī.$dMiṣr, Idārat al-Hilāl, 1923$w(OCoLC)656504938
=776  08$iPrint version:$tFatāwá kibār al-kuttāb wa-al-udabāʼ fī$w(NjP)333669$w(DLC)ne 68003535 $w(OCoLC)79913097
=856  40$uhttp://hdl.handle.net/2333.1/b8gtj485 
=880  00$6245-01$aفتاوى كبار الكتاب والادباء في :$b1، مستقبل اللغة العربية ؛ 2، نهضة الشرق العربي وموقفه ازاء المدنية الغربية.
=880  \\$6260-02$aمصر :$bادارة الهلال،$c1923.
=880  0\$6730-03$aهلال.
=959  \\$aNNU$bWEB$cGENI$t0$mElectronic access$s01
=999  \\$iNjP_333669$o(OCoLC)ocm79913097$sprinceton_aco003726:$e(ERROR-880)$sprinceton_aco003726:

