=LDR  02098nam a2200397Mi 4500
=001  442167
=003  NjP
=006  m\\\\\\\\d\\\\\\\\
=007  cr\cn\|||m|||a
=008  210211s1983\\\\ir\\\\\\o\\\\\000\0\ara\d
=040  \\$aZYU$bara$erda$cZYU
=050  \4$aBP182$b.M8812 1984
=100  1\$6880-01$aMuṭahharī, Murtaz̤á.
=240  10$6880-02$aJihād va mavārid-i mashrūʻīyat-i ān dar Qurʼān.$iArabic
=245  13$6880-03$aal-Jihād wa-ḥālatuhu al-mashrūʻah fī al-Qurʼān /$cal-Muṭahharī.
=260  \\$6880-04$a[Tehran] :$bMunaẓẓamat al-Iʻlām al-Islāmī, Qism al-ʻAlāqāt al-Dawlīyah,$c1404 [1983 or 1984]
=300  \\$aonline resource (47 pages)
=336  \\$atext$2rdacontent
=337  \\$acomputer$2rdamedia
=338  \\$aonline resource$2rdacarrier
=500  \\$aPart of the Arabic Collections Online (ACO) project, contributed by Princeton University Libraries.
=533  \\$aElectronic reproduction.$bNew York, N.Y. :$cNew York University,$d2021.$5NNU
=650  \0$aJihad.
=650  \7$aJihad.$2fast$0(OCoLC)fst00983599
=700  1\$6880-05$aShirvānī, Nāẓim.
=710  2\$aPrinceton University.$bLibrary.
=730  0\$aArabic Collections Online.
=776  08$iPrint version:$aMuṭahharī, Murtaz̤á.$tal-Jihād wa-ḥālatuhu al-mashrūʻah fī al-Qurʼān$w(NjP)442167$w(OCoLC)25688384
=856  40$uhttp://hdl.handle.net/2333.1/ns1rnkv6 
=880  1\$6100-01$aمطهرى، مرتضى.
=880  10$6240-02$aجهاد و موارد مشروعيت آن در قرآن.$lعربي
=880  12$6245-03$aالجهاد :$bوحالاته المشروعة في القرآن /$cآية الله الشهيد المطهري ؛ [المترجم، ناظم شيرواني].
=880  \\$6260-04$a[تهران] :$bمنظمة الاعلام الاسلامي، قسم العلاقات الدولية،$c1404 [1983 أو 1984]
=880  1\$6700-05$aشيروانى، ناظم.
=959  \\$aNNU$bWEB$cGENI$t0$mElectronic access$s01
=999  \\$iNjP_442167$o(OCoLC)ocm25688384$sprinceton_aco003993:$e(ERROR-880)$sprinceton_aco003993:

