=LDR  02499nam a2200421Mi 4500
=001  2930571
=003  NjP
=006  m\\\\\\\\d\\\\\\\\
=007  cr\cn\|||m|||a
=008  210211s1969\\\\iq\\\\\\ob\\\\000\0\ara\\
=040  \\$aZYU$bara$erda$cZYU
=050  04$aBP80.H82$bA4
=100  1\$6880-01$aAmīnī, Muḥammad Hādī.
=245  10$6880-02$aBaṭal Fakhkh :$bal-Ḥusayn ibn ʻAlī ibn al-Ḥasan ibn al-Ḥasan ibn al-Ḥasan ibn ʻAlī ibn Abī Ṭālib, amīr Makkah wa-fātiḥuhā /$ctaʼlīf Muḥammad Hādī al-Amīnī.
=250  \\$6880-03$a[al-Ṭabʻah 1.].
=260  \\$6880-04$a[al-Najaf] :$b[al-Maṭbaʻah al-Ḥaydarīyah],$c[1969]
=300  \\$aonline resource (206 pages)
=336  \\$atext$2rdacontent
=337  \\$acomputer$2rdamedia
=338  \\$aonline resource$2rdacarrier
=500  \\$aCover title: The brave of Fekh, al-Hosain ben Ali ben Hasan ben Hasan ben Hasan ben Ali ben Abi Talib, by M.H. Ameni.
=500  \\$aPart of the Arabic Collections Online (ACO) project, contributed by Princeton University Libraries.
=504  \\$aIncludes bibliographical references (pages 187-193).
=533  \\$aElectronic reproduction.$bNew York, N.Y. :$cNew York University,$d2021.$5NNU
=600  10$6880-05$aṬālibī, al-Ḥusayn ibn ʻAlī,$d-785 or 786.
=600  17$aṬālibī, al-Ḥusayn ibn ʻAlī,$d-785 or 786.$2fast$0(OCoLC)fst01850121
=710  2\$aPrinceton University.$bLibrary.
=730  0\$aArabic Collections Online.
=776  08$iOnline version:$aAmīnī, Muḥammad Hādī.$tBaṭal Fakhkh.$b[al-Ṭabʻah 1.].$d[al-Najaf : al-Maṭbaʻah al-Ḥaydarīyah : Distributor in Iraq- al-Muthanna Library, 1969]$w(OCoLC)703524450
=776  08$iPrint version:$aAmīnī, Muḥammad Hādī.$tBaṭal Fakhkh$w(NjP)2930571$w(DLC)  71255804 $w(OCoLC)28834645
=856  40$uhttp://hdl.handle.net/2333.1/hmgqnwb5 
=880  1\$6100-01$aأميني، محمد هادي.
=880  10$6245-02$aبطل فخ :$bالحسين بن علي بن الحسن بن الحسن بن الحسن بن علي بن أبي طالب، أمير مكة وفاتحها /$cتأليف محمد هادي الأميني.
=880  \\$6250-03$a[الطبعة 1.].
=880  \\$6260-04$a[النجف] :$b[المطبعة الحيدرية]،$c[1969]
=880  04$6600-05$aحسين بن علي، صاحب فخ،,$d-786.
=959  \\$aNNU$bWEB$cGENI$t0$mElectronic access$s01
=999  \\$iNjP_2930571$o(OCoLC)ocm28834645$sprinceton_aco002765$sprinceton_aco002765

