=LDR  02003nam a2200361Mi 4500
=001  2748948
=003  NjP
=006  m\\\\\\\\d\\\\\\\\
=007  cr\cn\|||m|||a
=008  210211s1947\\\\sy\\\\\\o\\\\\000\0\arard
=040  \\$aZYU$bara$erda$cZYU
=050  \4$aBJ1291$b.N33 1947
=100  1\$6880-01$aNaḥlāwī, Khalīl ibn ʻAbd al-Qādir.
=245  13$6880-02$aal-Durar al-mubāḥah fī al-ḥaẓr wa-al-ibāḥah /$cjamʻ Khalīl ibn ʻAbd al-Qādir al-Shaybānī al-shahīr bi-al-Naḥlāwī.
=260  \\$6880-03$aDimashq :$bMaṭbaʻat al-Iʻtidāl,$c1947.
=300  \\$aonline resource (158 pages)
=336  \\$atext$2rdacontent
=337  \\$acomputer$2rdamedia
=338  \\$aonline resource$2rdacarrier
=500  \\$aPart of the Arabic Collections Online (ACO) project, contributed by Princeton University Libraries.
=533  \\$aElectronic reproduction.$bNew York, N.Y. :$cNew York University,$d2021.$5NNU
=650  \0$aIslamic ethics.
=650  \7$aIslamic ethics.$2fast$0(OCoLC)fst00979936
=710  2\$aPrinceton University.$bLibrary.
=730  0\$aArabic Collections Online.
=776  08$iOnline version:$aNaḥlāwī, Khalīl ibn ʻAbd al-Qādir.$tDurar al-mubāḥah fī al-ḥaẓr wa-al-ibāḥah.$dDimashq : Maṭbaʻat al-Iʻtidāl, 1947$w(OCoLC)891434127
=776  08$iPrint version:$aNaḥlāwī, Khalīl ibn ʻAbd al-Qādir.$tal-Durar al-mubāḥah fī al-ḥaẓr wa-al-ibāḥah$w(NjP)2748948$w(OCoLC)13920614
=856  40$uhttp://hdl.handle.net/2333.1/jh9w15vb 
=880  1\$6100-01$aنحلاوي، خليل بن عبد القادر.
=880  12$6245-02$aالدرر المباحة في الحظر والاباحة /$cجمع خليل بن عبد القادر الشيباني الشهير بالنحلاوي.
=880  \\$6260-03$aدمشق :$bمطبعة الاعتدال،$c1947.
=959  \\$aNNU$bWEB$cGENI$t0$mElectronic access$s01
=999  \\$iNjP_2748948$o(OCoLC)ocm13920614$sprinceton_aco003326:$e(ERROR-880)$sprinceton_aco003326:

