=LDR  01873nam a2200373Mi 4500
=001  2773626
=003  NjP
=006  m\\\\\\\\d\\\\\\\\
=007  cr\cn\|||m|||a
=008  210211s1961\\\\iq\a\\\\o\\\\\000\0\araod
=040  \\$aZYU$bara$erda$cZYU
=050  \4$aBL240.2$b.S52x
=100  1\$6880-01$aShahrastānī, Hibat al-Dīn al-Ḥusaynī.
=245  13$6880-02$aal-Hayʼah wa-al-Islām /$cHibat al-Dīn al-Ḥusaynī al-Shahrastānī ; taqdīm wa-ishrāf al-sayyid Aḥmad al-Ḥusaynī.
=260  \\$6880-03$a[al-Najaf] :$bDār al-Thaqāfah,$c[1961]
=300  \\$aonline resource (399 pages) :$billustrations
=336  \\$atext$2rdacontent
=337  \\$acomputer$2rdamedia
=338  \\$aonline resource$2rdacarrier
=500  \\$aPart of the Arabic Collections Online (ACO) project, contributed by Princeton University Libraries.
=533  \\$aElectronic reproduction.$bNew York, N.Y. :$cNew York University,$d2021.$5NNU
=650  \0$aIslam and science.
=650  \7$aIslam and science.$2fast$0(OCoLC)fst00979885
=700  1\$6880-04$aḤusaynī, Aḥmad.
=710  2\$aPrinceton University.$bLibrary.
=730  0\$aArabic Collections Online.
=776  08$iPrint version:$aShahrastānī, Hibat al-Dīn al-Ḥusaynī.$tal-Hayʼah wa-al-Islām$w(NjP)2773626$w(OCoLC)39942650
=856  40$uhttp://hdl.handle.net/2333.1/c866tbh6 
=880  1\$6100-01$aشهرستاني، هبة الدين الحسيني.
=880  12$6245-02$aالهيئه والاسلام /$cهبة الدين الحسيني الشهرستاني ؛ تقديم واشراف السيد احمد الحسيني.
=880  \\$6260-03$a[النجف] :$bدار الثقافة،$c[1961]
=880  1\$6700-04$aحسيني، احمد.
=959  \\$aNNU$bWEB$cGENI$t0$mElectronic access$s01
=999  \\$iNjP_2773626$o(OCoLC)ocm39942650$sprinceton_aco003120$e(ERROR-880)$sprinceton_aco003120

