=LDR  02280nam a2200433Mi 4500
=001  2749613
=003  NjP
=006  m\\\\\\\\d\\\\\\\\
=007  cr\cn\|||m|||a
=008  210211s1969\\\\iq\\\\\\ob\\\\000\0\arao\
=040  \\$aZYU$bara$erda$cZYU
=050  04$aHD1415$b.D27
=100  1\$6880-01$aDāhirī, ʻAbd al-Wahhāb Maṭar.
=245  10$6880-02$aUsus wa-mabādiʼ al-iqtiṣād al-zirāʻī /$c[taʼlīf] ʻAbd al-Wahhāb Maṭar al-Dāhirī.
=246  3\$6880-03$aIqtiṣād al-zirāʻī
=250  \\$6880-04$aal-Ṭabʻah 1.
=260  \\$6880-05$aBaghdād :$bMaṭbaʻat al-ʻĀnī,$c1969.
=300  \\$aonline resource (415 pages)
=336  \\$atext$2rdacontent
=337  \\$acomputer$2rdamedia
=338  \\$aonline resource$2rdacarrier
=500  \\$aCover title: Principles of agricultural economics, by Abdul Wahab M. al-Dahiri.
=500  \\$aPart of the Arabic Collections Online (ACO) project, contributed by Princeton University Libraries.
=504  \\$aIncludes bibliographical references (pages 410-415).
=533  \\$aElectronic reproduction.$bNew York, N.Y. :$cNew York University,$d2021.$5NNU
=650  \0$aAgriculture$xEconomic aspects.
=650  \7$aAgriculture$xEconomic aspects.$2fast$0(OCoLC)fst00801415
=710  2\$aPrinceton University.$bLibrary.
=730  0\$aArabic Collections Online.
=776  08$iOnline version:$aDāhirī, ʻAbd al-Wahhāb Maṭar.$tUsus wa-mabādiʼ al-iqtiṣād al-zirāʻī.$bal-Ṭabʻah 1.$dBaghdād, Maṭbaʻat al-ʻĀnī, 1969$w(OCoLC)609512485
=776  08$iPrint version:$aDāhirī, ʻAbd al-Wahhāb Maṭar.$tUsus wa-mabādiʼ al-iqtiṣād al-zirāʻī$w(NjP)2749613$w(DLC)  78232293 $w(OCoLC)14270266
=856  40$uhttp://hdl.handle.net/2333.1/d51c5n05 
=880  1\$6100-01$aداهري، عبد الوهاب مطر.
=880  10$6245-02$aاسس ومبادئ الاقتصاد الزراعي /$c[تأليف] عبد الوهاب مطر الداهري.
=880  3\$6246-03$aاقتصاد الزراعي
=880  \\$6250-04$aالطبعة 1.
=880  \\$6260-05$aبغداد :$bمطبعة العاني،$c1969.
=959  \\$aNNU$bWEB$cGENI$t0$mElectronic access$s01
=999  \\$iNjP_2749613$o(OCoLC)ocm14270266$sprinceton_aco002017$e(ERROR-880)$sprinceton_aco002017

