=LDR  03607nam a2200541Mi 4500
=001  863660
=003  NjP
=006  m\\\\\\\\d\\\\\\\\
=007  cr\cn\|||m|||a
=008  210211s1990\\\\ir\\\\\\ob\\\\000\0\ara\d
=040  \\$aZYU$bara$erda$cZYU
=050  \4$aBP193.1$b.I115 1991
=100  1\$6880-01$aIbn Abī al-Dunyā, ʻAbd Allāh ibn Muḥammad,$d823-894.
=240  10$6880-02$aMaqtal al-Imām Amīr al-Muʼminīn ʻAlī ibn Abī Ṭālib
=245  10$6880-03$aKitāb Maqtal al-Imām Amīr al-Muʼminīn ʻAlī ibn Abī Ṭālib /$ctaʼlīf Abī Bakr ʻAbd Allāh ibn Muḥammad ibn ʻUbayd al-maʻrūf bi-Ibn Abī al-Dunyā ; taḥqīq Muḥammad Bāqir al-Maḥmūdī.
=246  3\$6880-04$aMaqtal al-Imām Amīr al-Muʼminīn ʻAlī ibn Abī Ṭālib
=250  \\$6880-05$aal-Ṭabʻah 1.
=260  \\$6880-06$aṬihrān, Īrān :$bMuʼassasat al-Ṭabʻ wa-al-Nashr al-tābiʻah li-Wizārat al-Thaqāfah wa-al-Irshād al-Islāmī :$bMajmaʻ Iḥyāʼ al-Thaqāfah al-Islāmīyah,$c1990.
=300  \\$aonline resource (123 pages)
=336  \\$atext$2rdacontent
=337  \\$acomputer$2rdamedia
=338  \\$aonline resource$2rdacarrier
=490  1\$6880-07$aMin nafāʼis al-Thurāth al-Islāmī fī al-qarn al-thālith
=500  \\$aPart of the Arabic Collections Online (ACO) project, contributed by Princeton University Libraries.
=504  \\$aIncludes bibliographical references.
=533  \\$aElectronic reproduction.$bNew York, N.Y. :$cNew York University,$d2021.$5NNU
=600  00$aʻAlī ibn Abī Ṭālib,$cCaliph,$dapproximately 600-661$xAssassination.
=650  \0$aShiites.
=600  07$aʻAlī ibn Abī Ṭālib,$cCaliph,$dapproximately 600-661$2fast$0(OCoLC)fst01804105
=650  \7$aAssassination.$2fast$0(OCoLC)fst00818962
=650  \7$aShiites.$2fast$0(OCoLC)fst01115976
=700  1\$6880-08$aMaḥmūdī, Muḥammad Bāqir.
=710  2\$aPrinceton University.$bLibrary.
=730  0\$aArabic Collections Online.
=776  08$iPrint version:$aIbn Abī al-Dunyā, ʻAbd Allāh ibn Muḥammad, 823-894.$tKitāb Maqtal al-Imām Amīr al-Muʼminīn ʻAlī ibn Abī Ṭālib$w(NjP)863660$w(OCoLC)29865985
=830  \0$6880-09$aMin nafāʼis al-Thurāth al-Islāmī fī al-qarn al-thālith.
=856  40$uhttp://hdl.handle.net/2333.1/59zw424b 
=880  1\$6100-01$aابن ابي الدنيا، عبد الله بن محمد،$d823-894.
=880  10$6240-02$aمقتل الامام امير المؤمنين علي بن ابي طالب
=880  10$6245-03$aكتاب مقتل الامام امير المؤمنين علي بن ابي طالب /$cتأليف ابي بكر عبد الله بن محمد بن عبيد المعروف بابن ابي الدنيا ؛ تحقيق محمد باقر المحمودي.
=880  3\$6246-04$aمقتل الامام امير المؤمنين علي بن ابي طالب
=880  \\$6250-05$aالطبعة 1.
=880  \\$6260-06$aطهران، ايران :$bمؤسسة الطبع والنشر التابعة لوزارة الثقافة والارشاد الاسلامي :$bمجمع احياء الثقافة الاسلامية،$c1990.
=880  1\$6490-07$aمن نفائس الثراث الاسلامي في القرن الثالث
=880  1\$6700-08$aمحمودي، محمد باقر.
=880  \0$6830-09$aمن نفائس الثراث الاسلامي في القرن الثالث.
=959  \\$aNNU$bWEB$cGENI$t0$mElectronic access$s01
=999  \\$iNjP_863660$o(OCoLC)ocm29865985$sprinceton_aco003121$e(ERROR-880)$sprinceton_aco003121

