=LDR  01911nam a2200397Mi 4500
=001  781342
=003  NjP
=006  m\\\\\\\\d\\\\\\\\
=007  cr\cn\|||m|||a
=008  210211s1981\\\\ir\\\\\\ob\\\f000\0\ara\d
=040  \\$aZYU$bara$erda$cZYU
=050  \4$aBP166.94$b.B37 1981
=100  1\$6880-01$aBaqqāl, ʻAbd al-Ḥusayn Muḥammad ʻAlī.
=245  13$6880-02$aal-Imāmah ḥattā wilāyat al-faqīh /$cʻAbd al-Ḥusayn Muḥammad ʻAlī Baqqāl.
=250  \\$6880-03$aal-Ṭabʻah 1.
=260  \\$6880-04$aṬihrān :$bWizārat al-Irshād al-Islāmī,$c1402 [1981]
=300  \\$aonline resource (90 pages)
=336  \\$atext$2rdacontent
=337  \\$acomputer$2rdamedia
=338  \\$aonline resource$2rdacarrier
=500  \\$aPart of the Arabic Collections Online (ACO) project, contributed by Princeton University Libraries.
=504  \\$aIncludes bibliographical references.
=533  \\$aElectronic reproduction.$bNew York, N.Y. :$cNew York University,$d2021.$5NNU
=650  \0$aImamate$vEarly works to 1800.
=650  \7$aImamate.$2fast$0(OCoLC)fst00967643
=655  \7$aEarly works.$2fast$0(OCoLC)fst01411636
=710  2\$aPrinceton University.$bLibrary.
=730  0\$aArabic Collections Online.
=776  08$iPrint version:$aBaqqāl, ʻAbd al-Ḥusayn Muḥammad ʻAlī.$tal-Imāmah ḥattā wilāyat al-faqīh$w(NjP)781342$w(OCoLC)27401592
=856  40$uhttp://hdl.handle.net/2333.1/n02v76zh 
=880  1\$6100-01$aبقال، عبد الحسين محمد علي.
=880  12$6245-02$aالامامة حتى ولاية الفقيه /$cعبد الحسين محمد علي بقال.
=880  \\$6250-03$aالطبعة ١.
=880  \\$6260-04$aطهران :$bوزارة الارشاد الاسلامي،$c١٤٠٢ [١٩٨١]
=959  \\$aNNU$bWEB$cGENI$t0$mElectronic access$s01
=999  \\$iNjP_781342$o(OCoLC)ocm27401592$sprinceton_aco003047$sprinceton_aco003047

