=LDR  01756nam a2200373Mi 4500
=001  4091412
=003  NjP
=006  m\\\\\\\\d\\\\\\\\
=007  cr\cn\|||m|||a
=008  210211s1968\\\\iq\\\\\\ob\\\\000\0\arard
=040  \\$aZYU$bara$erda$cZYU
=043  \\$af-ea---
=050  \4$aDT393.A12$bA7
=100  1\$6880-01$aAsʻad, Rashīd Jabr.
=245  10$6880-02$aThabt al-maṣādir al-ʻArabīyah ʻan al-Qaḍīyah al-Arītirīyah /$ctaʼlīf Rashīd Jabr al-Asʻad.
=260  \\$6880-03$aBaghdād :$bMaṭbaʻat al-Azhar,$c1968.
=300  \\$aonline resource (30 pages)
=336  \\$atext$2rdacontent
=337  \\$acomputer$2rdamedia
=338  \\$aonline resource$2rdacarrier
=500  \\$aPart of the Arabic Collections Online (ACO) project, contributed by Princeton University Libraries.
=533  \\$aElectronic reproduction.$bNew York, N.Y. :$cNew York University,$d2021.$5NNU
=651  \0$aEritrea$vBibliography.
=651  \7$aEritrea.$2fast$0(OCoLC)fst01266183
=655  \7$aBibliographies.$2fast$0(OCoLC)fst01919895
=710  2\$aPrinceton University.$bLibrary.
=730  0\$aArabic Collections Online.
=776  08$iPrint version:$aAsʻad, Rashīd Jabr.$tThabt al-maṣādir al-ʻArabīyah ʻan al-Qaḍīyah al-Arītirīyah$w(NjP)4091412$w(OCoLC)29232530
=856  40$uhttp://hdl.handle.net/2333.1/9cnp5ts5 
=880  1\$6100-01$aاسعد، رشيد جبر.
=880  10$6245-02$aثبت المصادر العربية عن القضية الاريترية /$cتأليف رشيد جبر الاسعد.
=880  \\$6260-03$aبغداد :$bمطبعة الازهر،$c1968.
=959  \\$aNNU$bWEB$cGENI$t0$mElectronic access$s01
=999  \\$iNjP_491412$o(OCoLC)ocm29232530$sprinceton_aco002602$e(ERROR-880)$sprinceton_aco002602

