=LDR  02624nam a2200433Mi 4500
=001  2737348
=003  NjP
=006  m\\\\\\\\d\\\\\\\\
=007  cr\cn\|||m|||a
=008  210211m19639999su\\\\\\o\\\\\000\0\ara\\
=040  \\$aZYU$bara$erda$cZYU
=050  04$aD17$b.I12
=050  \4$aD17$b.I145 1963
=100  1\$6880-01$aIbn Kathīr, Ismāʻīl ibn ʻUmar,$dapproximately 1301-1373.
=245  13$6880-02$aal-Bidāyah wa-al-nihāyah fī al-Tarīkh,$cLi-ʻImād al-Dīn Abī al-Fidā, Ismāʼīl ibn ʻUmar ibn Kathīr. taḥqīq wa-murajaʼat wa-taʼlīq wa-tṣhīḥ Muḥmmad ʻAbd al-ʻAzīz al-Najjār.
=250  \\$6880-03$aTabʼah Jadīdah munaqqaḥah kāmilah.
=260  \\$6880-04$aal-Riyaḍ :$bMaktabat al-Falāḥ,$c[1963]-
=300  \\$aonline resource (volumes)
=336  \\$atext$2rdacontent
=337  \\$acomputer$2rdamedia
=338  \\$aonline resource$2rdacarrier
=500  \\$aPart of the Arabic Collections Online (ACO) project, contributed by Princeton University Libraries.
=533  \\$aElectronic reproduction.$bNew York, N.Y. :$cNew York University,$d2021.$5NNU
=650  \0$aWorld history$vEarly works to 1800.
=650  \7$aWorld history.$2fast$0(OCoLC)fst01181345
=655  \7$aEarly works.$2fast$0(OCoLC)fst01411636
=700  1\$6880-05$aNajjār, Muḥmmad ʻAbd al-ʻAzīz.
=710  2\$aPrinceton University.$bLibrary.
=730  0\$aArabic Collections Online.
=776  08$iOnline version:$aIbn Kathīr, Ismāʻīl ibn ʻUmar, approximately 1301-1373.$tBidāyah wa-al-nihāyah fī al-Tarīkh.$btabʼah Jadīdah munaqqaḥah kāmilah.$dal-Riyaḍ, Maktabat al-Flaḥ [1963-$w(OCoLC)609843402
=776  08$iPrint version:$aIbn Kathīr, Ismāʻīl ibn ʻUmar, approximately 1301-1373.$tal-Bidāyah wa-al-nihāyah fī al-Tarīkh$w(NjP)2737348$w(DLC)ne 64001461 $w(OCoLC)7792907
=856  40$uhttp://hdl.handle.net/2333.1/kprr57kp 
=880  1\$6100-01$aابن كثير، اسماعيل بن عمر،$dapproximately 1301-1373.
=880  12$6245-02$aالبداية والنهاية في التاريخ /$cلعماد الدين أبي الفدا إسماعيل بن عمر بن كثير ؛ تحقيق ومراجعة وتعليق وتصحيح محمد عبد العزيز النجار.
=880  \\$6250-03$aطبعة جديدة منقحة كاملة.
=880  \\$6260-04$aالرياض :$bمكتبة الفلاح،$c[1963]-
=880  1\$6700-05$aنجار، محمد عبد العزيز.
=959  \\$aNNU$bWEB$cGENI$t0$mElectronic access$s01
=999  \\$iNjP_2737348$o(OCoLC)ocm07792907$sprinceton_aco002368:vol.2$sprinceton_aco002368:vol.2

