=LDR  02067nam a2200397Mi 4500
=001  439014
=003  NjP
=006  m\\\\\\\\d\\\\\\\\
=007  cr\cn\|||m|||a
=008  210211m19641965ir\\\\\\ob\\\\000\0\ara\\
=040  \\$aZYU$bara$erda$cZYU
=050  \4$aKCL$b.H87547 1964
=100  1\$6880-01$aḤusaynī al-Rūḥānī, Muḥammad Ṣādiq.
=245  13$6880-02$aal-Masāʼil al-mustaḥdathah /$ctaʼlīf Muḥammad Ṣādiq al-Ḥusaynī al-Rūḥānī.
=250  \\$6880-03$aal-Ṭabʻah 1.
=260  \\$6880-04$aQum :$bMuʼassasat Maṭbuʻātī Dār al-Fikr,$c1384-1385 [1964-1965]
=300  \\$aonline resource (2 volumes)
=336  \\$atext$2rdacontent
=337  \\$acomputer$2rdamedia
=338  \\$aonline resource$2rdacarrier
=500  \\$aPart of the Arabic Collections Online (ACO) project, contributed by Princeton University Libraries.
=533  \\$aElectronic reproduction.$bNew York, N.Y. :$cNew York University,$d2021.$5NNU
=546  \\$aIn Arabic.
=504  \\$aIncludes bibliographical references.
=650  \0$aIslamic law$xInterpretation and construction.
=650  \7$aIslamic law$xInterpretation and construction.$2fast$0(OCoLC)fst00979955
=710  2\$aPrinceton University.$bLibrary.
=730  0\$aArabic Collections Online.
=776  08$iPrint version:$aḤusaynī al-Rūḥānī, Muḥammad Ṣādiq.$tal-Masāʼil al-mustaḥdathah$w(NjP)439014$w(DLC)  2003543586$w(OCoLC)51478126
=856  40$uhttp://hdl.handle.net/2333.1/hdr7t1zp 
=880  1\$6100-01$a‏حسيني الروحاني، محمد صادق.
=880  12$6245-02$a‏المسائل المستحدث /‏$c‏تأليف محمد صادق الحسيني الروحاني.
=880  \\$6250-03$a‏الطبعة 1.
=880  \\$6260-04$a‏قم :‏$b‏مؤسسة مطبوعاتى دار الفكر،‏$d‏1385-1384 [1965-1964]
=959  \\$aNNU$bWEB$cGENI$t0$mElectronic access$s01
=999  \\$iNjP_439014$o(OCoLC)ocm51478126$sprinceton_aco003446:juz 1$sprinceton_aco003290:juz 2$sprinceton_aco003446:juz 1$sprinceton_aco003290:juz 2

