=LDR  02175nam a2200445Mi 4500
=001  2834963
=003  NjP
=006  m\\\\\\\\d\\\\\\\\
=007  cr\cn\|||m|||a
=008  210211s1954\\\\sy\a\\\\o\\\\\000\0\arard
=040  \\$aZYU$bara$erda$cZYU
=043  \\$aa-sy---
=050  \4$aDS98$b.H33 1954
=100  1\$6880-01$aḤaffār, Luṭfī,$d1885-1968.
=245  10$6880-02$aDhikrayāt :$bmuntakhabāt min khuṭab wa-aḥādīth wa-maqālāt /$cli-Luṭfī Bak al-Ḥaffār ; ʻuniya bi-jamʻihā wa-nashrihā Wajīh Bayḍūn.
=260  \\$6880-03$aDimashq :$bMaṭābiʻ Ibn Zaydūn,$c1954.
=300  \\$aonline resource (2 volumes) :$billustrations
=336  \\$atext$2rdacontent
=337  \\$acomputer$2rdamedia
=338  \\$aonline resource$2rdacarrier
=500  \\$aPart of the Arabic Collections Online (ACO) project, contributed by Princeton University Libraries.
=533  \\$aElectronic reproduction.$bNew York, N.Y. :$cNew York University,$d2021.$5NNU
=546  \\$aIn Arabic.
=651  \0$aSyria$xHistory$y20th century.
=651  \0$aSyria$xPolitics and government.
=650  \7$aPolitics and government$2fast$0(OCoLC)fst01919741
=651  \7$aSyria.$2fast$0(OCoLC)fst01208757
=648  \7$a1900-1999$2fast
=655  \7$aHistory.$2fast$0(OCoLC)fst01411628
=700  1\$6880-04$aBayḍūn, Wajīh.
=710  2\$aPrinceton University.$bLibrary.
=730  0\$aArabic Collections Online.
=776  08$iPrint version:$aḤaffār, Luṭfī, 1885-1968.$tDhikrayāt$w(NjP)2834963$w(OCoLC)42915156
=856  40$uhttp://hdl.handle.net/2333.1/2z34txpd 
=880  1\$6100-01$aحفار، لطفي،$d1885-1968.
=880  10$6245-02$aذكريات :$bمنتخبات من خطب وأحاديث ومقالات /$cللطفي بك الحفار ؛ عني بجمعها ونشرهل وجيه بيضون.
=880  \\$6260-03$aدمشق :$bمطابع ابن زيدون،$c1954.
=880  1\$6700-04$aبيضون، وجيه.
=959  \\$aNNU$bWEB$cGENI$t0$mElectronic access$s01
=999  \\$iNjP_2834963$o(OCoLC)ocm42915156$sprinceton_aco002194:vol.1$sprinceton_aco002193:vol.2$e(ERROR-880)$sprinceton_aco002194:vol.1$sprinceton_aco002193:vol.2

