=LDR  02630nam a2200433Mi 4500
=001  860879
=003  NjP
=006  m\\\\\\\\d\\\\\\\\
=007  cr\cn\|||m|||a
=008  210211s1920\\\\sy\\\\\\o\\\\\000\0\ara\d
=040  \\$aZYU$bara$erda$cZYU
=050  \4$aBP166.83$b.R147
=100  0\$6880-01$aRaḥmat Allāh ibn Khalīl al-Raḥmān,$d1818-1891.
=245  10$6880-02$aHādhihi Risālat musammāh bi-al-Tanbīhāt fī ithbāt al-iḥtiyāj ilá al-baʻthah wa-al-ḥashr /$cli-muʼallifuhā Raḥmat Allāh ibn Khalīl al-Raḥmān al-Hindī.
=246  30$6880-03$aTanbīhāt fī ithbāt al-iḥtiyāj ilá al-baʻthah wa-al-ḥashr
=260  \\$6880-04$aDimashq :$bMaṭbaʻat al-Muqathbas,$c[19--?]
=300  \\$aonline resource (22 pages)
=336  \\$atext$2rdacontent
=337  \\$acomputer$2rdamedia
=338  \\$aonline resource$2rdacarrier
=500  \\$aPart of the Arabic Collections Online (ACO) project, contributed by Princeton University Libraries.
=533  \\$aElectronic reproduction.$bNew York, N.Y. :$cNew York University,$d2021.$5NNU
=650  \0$aIslam$vApologetic works.
=650  \0$aResurrection (Islam)
=650  \7$aIslam.$2fast$0(OCoLC)fst00979776
=650  \7$aResurrection (Islam)$2fast$0(OCoLC)fst01096049
=655  \7$aApologetic writings.$2fast$0(OCoLC)fst01423698
=710  2\$aPrinceton University.$bLibrary.
=730  0\$aArabic Collections Online.
=752  \\$aSyria$dDamascus.
=776  08$iOnline version:$aRaḥmat Allāh ibn Khalīl al-Raḥmān, 1818-1891.$tHādhihi Risālat musammāh bi-al-Tanbīhāt fī ithbāt al-iḥtiyāj ilá al-baʻthah wa-al-ḥashr.$dDimashq : Maṭbaʻat al-Muqathbas, [19--?]$w(OCoLC)657169627
=776  08$iPrint version:$aRaḥmat Allāh ibn Khalīl al-Raḥmān, 1818-1891.$tHādhihi Risālat musammāh bi-al-Tanbīhāt fī ithbāt al-iḥtiyāj ilá al-baʻthah wa-al-ḥashr$w(NjP)860879$w(OCoLC)48119611
=856  40$uhttp://hdl.handle.net/2333.1/zs7h4fpj 
=880  0\$6100-01$aرحمة الله بن خليل الرحمن،$d1818-1891.
=880  10$6245-02$aهذه رسالة مسماه بالتنبيهات في اثبات الاحتياج الى البعثة والحشر /$cلمؤلفها رحمة الله بن خليل الرحمن الهندي.
=880  30$6246-03$aتنبيهات في اثبات الاحتياج الى البعثة والحشر
=880  \\$6260-04$aدمشق :$bمطبعة المقثبس،$c[19--?]
=959  \\$aNNU$bWEB$cGENI$t0$mElectronic access$s01
=999  \\$iNjP_860879$o(OCoLC)ocm48119611$sprinceton_aco004450:$e(ERROR-880)$sprinceton_aco004450:

