=LDR  01897nam a2200397Mi 4500
=001  836343
=003  NjP
=006  m\\\\\\\\d\\\\\\\\
=007  cr\cn\|||m|||a
=008  210212s1950\\\\iq\\\\\\o\\\\\000\0\ara\d
=040  \\$aZYU$bara$erda$cZYU
=100  1\$6880-01$aShahrastānī, Hibat al-Dīn al-Ḥusaynī.
=245  13$6880-02$aal-Muʻjizah al-khālidah /$cHibat al-Dīn al-Ḥusaynī al-Shahrastānī.
=260  \\$6880-03$aBaghdād :$bMaṭbaʻat al-Najāḥ,$c1950.
=300  \\$aonline resource (132 pages)
=336  \\$atext$2rdacontent
=337  \\$acomputer$2rdamedia
=338  \\$aonline resource$2rdacarrier
=490  1\$6880-04$aḤadīth al-shahr ;$v8
=500  \\$aPart of the Arabic Collections Online (ACO) project, contributed by Princeton University Libraries.
=533  \\$aElectronic reproduction.$bNew York, N.Y. :$cNew York University,$d2021.$5NNU
=630  00$aQurʼan$xEvidences, authority, etc.
=630  07$aQurʼan.$2fast$0(OCoLC)fst01842877
=650  \7$aAuthority$xReligious aspects.$2fast$0(OCoLC)fst00821658
=710  2\$aPrinceton University.$bLibrary.
=730  0\$aArabic Collections Online.
=776  08$iPrint version:$aShahrastānī, Hibat al-Dīn al-Ḥusaynī.$tal-Muʻjizah al-khālidah$w(NjP)836343$w(OCoLC)28930949
=830  \0$6880-05$aḤadīth al-shahr ;$v8.
=856  40$uhttp://hdl.handle.net/2333.1/76hdrjw7 
=880  1\$6100-01$aشهرستاني، هبة الدين الحسيني.
=880  12$6245-02$aالمعجزة الخالدة /$cهبة الدين الحسيني الشهرستاني.
=880  \\$6260-03$aبغداد :$bمطبعة النجاح،$c1950.
=880  1\$6490-04$aحديث الشهر ؛$v8
=880  \0$6830-05$aحديث الشهر ؛$v8.
=959  \\$aNNU$bWEB$cGENI$t0$mElectronic access$s01
=999  \\$iNjP_836343$o(OCoLC)ocm28930949$sprinceton_aco002774$e(ERROR-MISC)$sprinceton_aco002774

