=LDR  01659nam a2200385Mi 4500
=001  2787365
=003  NjP
=006  m\\\\\\\\d\\\\\\\\
=007  cr\cn\|||m|||a
=008  210212m19561965sy\\\\\\o\\\\\000\0\ara\d
=040  \\$aZYU$bara$erda$cZYU
=100  1\$6880-01$aMārik, Fahd.
=245  10$6880-02$aMin shiyam al-ʻArab /$cFahd al-Mārik.
=250  \\$6880-03$aal-Ṭabʻah 1.
=260  \\$6880-04$aDimashq :$bal-Maṭbaʻah al-Hāshimīyah,$c1956-1965.
=300  \\$aonline resource (4 volumes)
=336  \\$atext$2rdacontent
=337  \\$acomputer$2rdamedia
=338  \\$aonline resource$2rdacarrier
=500  \\$aV. 2-4 published in Bayrut.
=500  \\$aPart of the Arabic Collections Online (ACO) project, contributed by Princeton University Libraries.
=533  \\$aElectronic reproduction.$bNew York, N.Y. :$cNew York University,$d2021.$5NNU
=546  \\$aIn Arabic.
=650  \0$aArabia$xSocial life and customs.
=650  \7$aArabs$xSocial life and customs.$2fast$0(OCoLC)fst00812605
=710  2\$aPrinceton University.$bLibrary.
=730  0\$aArabic Collections Online.
=776  08$iPrint version:$aMārik, Fahd.$tMin shiyam al-ʻArab$w(NjP)2787365$w(OCoLC)1017818655
=856  40$uhttp://hdl.handle.net/2333.1/dncjt7m0 
=880  1\$6100-01$aمارك, فهد.
=880  10$6245-02$aمن شيم العرب /$cفهد المارك.
=880  \\$6250-03$aالطبعة 1.
=880  \\$6260-04$aدمشق ، :$bالمطبعة الهاشمية،$c1956-1965.
=959  \\$aNNU$bWEB$cGENI$t0$mElectronic access$s01
=999  \\$iNjP_2787365$o(OCoLC)on1017818655$sprinceton_aco004617:v.1$e(ERROR-880)(ERROR-MISC)$sprinceton_aco004617:v.1

