=LDR  02968nam a2200445Mi 4500
=001  823760
=003  NjP
=006  m\\\\\\\\d\\\\\\\\
=007  cr\cn\|||m|||a
=008  210212s197u\\\\ir\a\\\\o\\\\\000\0\ara\d
=040  \\$aZYU$bara$erda$cZYU
=245  00$6880-01$aḤadīth al-Imām al-Sayyid Sharīʻat madārī maʻa al-muftī al-ʻāmm lil-Jumhūrīyah al-ʻArabīyah al-Sūrīyah wa-wafd Rābiṭat al-ʻĀlam al-Islāmī.
=246  3\$6880-02$aZiyārat al-muftī al-ʻāmm lil-diyār al-Shāmīyah wa-wafd Rābiṭat al-ʻĀlam al-Islāmī lil-Jāmiʻah al-ʻIlmīyah fī Qum al-muqaddasah
=260  \\$6880-03$aQum, Īrān :$bal-Qism al-ʻArabī fī Dār al-Tablīgh al-Islāmī,$c[197-?]
=300  \\$aonline resource (45 pages) :$billustrations
=336  \\$atext$2rdacontent
=337  \\$acomputer$2rdamedia
=338  \\$aonline resource$2rdacarrier
=490  1\$6880-04$aFī ṭarīq al-waḥdah al-Islāmīyah ;$v3
=500  \\$aTitle from cover: Ziyārat al-muftī al-ʻāmm lil-diyār al-Shāmīyah wa-wafd Rābiṭat al-ʻĀlam al-Islāmī lil-Jāmiʻah al-ʻIlmīyah fī Qum al-muqaddasah.
=500  \\$aPart of the Arabic Collections Online (ACO) project, contributed by Princeton University Libraries.
=533  \\$aElectronic reproduction.$bNew York, N.Y. :$cNew York University,$d2021.$5NNU
=650  \0$aShīʻah$xRelations.
=650  \0$aPanislamism$vMiscellanea.
=650  \7$aInterfaith relations.$2fast$0(OCoLC)fst01353343
=650  \7$aPanislamism.$2fast$0(OCoLC)fst01052127
=650  \7$aShīʻah.$2fast$0(OCoLC)fst01117946
=655  \7$aTrivia and miscellanea.$2fast$0(OCoLC)fst01921748
=710  2\$aPrinceton University.$bLibrary.
=730  0\$aArabic Collections Online.
=776  08$iPrint version:$tḤadīth al-Imām al-Sayyid Sharīʻat madārī maʻa al-muftī al-ʻāmm lil-Jumhūrīyah al-ʻArabīyah al-Sūrīyah wa-wafd Rābiṭat al-ʻĀlam al-Islāmī$w(NjP)823760$w(OCoLC)28578907
=830  \0$6880-05$aFī ṭarīq al-waḥdah al-Islāmīyah ;$v3.
=856  40$uhttp://hdl.handle.net/2333.1/9ghx3rfr 
=880  00$6245-01$aحديث الامام السيد شريعة مداري مع المفتي العام للجمهورية العربية السورية ووفد رابطة العالم الاسلامي.
=880  3\$6246-02$aزيارة المفتي العام للديار الشامية ووفد رابطة العالم الاسلامي للجامعة العلمية في قم المقدسة
=880  \\$6260-03$aقم، ايران :$bالقسم العربي في دار التبليغ الاسلامي،$c[197-?]
=880  1\$6490-04$aفي طريق الوحدة الاسلامية ؛$v3
=880  \0$6830-05$aفي طريق الوحدة الاسلامية ؛$v3.
=959  \\$aNNU$bWEB$cGENI$t0$mElectronic access$s01
=999  \\$iNjP_823760$o(OCoLC)ocm28578907$sprinceton_aco003546:$e(ERROR-MISC)$sprinceton_aco003546:

