=LDR  05197nam a2200445Mi 4500
=001  479283
=003  NjP
=006  m\\\\\\\\d\\\\\\\\
=007  cr\cn\|||m|||a
=008  210212m19609999ir\\\\\\o\\\\\000\0\ara\d
=040  \\$aZYU$bara$erda$cZYU
=050  \4$aBP184.4$b.M8 1960
=100  1\$6880-01$aMuḥaqqiq al-Ṭihrānī, Muḥammad Riḍā.
=245  10$6880-02$aḤaqāʼiq al-fiqh fī sharḥ Sharāʼiʻ al-Islām /$ctaṣnīf Muḥammad Riḍā al-mushtahir bi-al-Muḥaqqiq al-Ṭihrānī.
=246  3\$6880-03$aKitāb Ḥaqāʼiq al-fiqh fī sharḥ Sharāʼiʻ al-Islām
=260  \\$a[Iran] :$b[publisher not identified],$c1382 [1962 or 1963]-
=300  \\$aonline resource (volumes)
=336  \\$atext$2rdacontent
=337  \\$acomputer$2rdamedia
=338  \\$aonline resource$2rdacarrier
=500  \\$aSome vols. have title: Kitāb Ḥaqāʼiq al-fiqh fī sharāʼiʻ al-Islām.
=500  \\$aVols. 3- have imprint: Qum : al-Maṭbaʻah al-ʻIlmīyah.
=500  \\$aCover, v. 1, dated: 1382.
=500  \\$aVol. 21 includes a title page for vol. 11.
=500  \\$aPart of the Arabic Collections Online (ACO) project, contributed by Princeton University Libraries.
=533  \\$aElectronic reproduction.$bNew York, N.Y. :$cNew York University,$d2021.$5NNU
=600  10$aMuḥaqqiq al-Ḥillī, Jaʻfar ibn al-Ḥasan,$d1205 or 1206-1277.$tSharāʼiʻ al-Islām fī masāʼil al-ḥalāl wa-al-ḥarām.
=650  \0$aIslamic law$xInterpretation and construction.
=650  \0$aShīʻah.
=650  \7$aIslamic law$xInterpretation and construction.$2fast$0(OCoLC)fst00979955
=650  \7$aShīʻah.$2fast$0(OCoLC)fst01117946
=710  2\$aPrinceton University.$bLibrary.
=730  0\$aArabic Collections Online.
=776  08$iPrint version:$aMuḥaqqiq al-Ṭihrānī, Muḥammad Riḍā.$tḤaqāʼiq al-fiqh fī sharḥ Sharāʼiʻ al-Islām$w(NjP)479283$w(OCoLC)23700095
=856  40$uhttp://hdl.handle.net/2333.1/9cnp5trx 
=880  1\$6100-01$aمحقق الطهراني، محمد رضا.
=880  10$6245-02$aحقائق الفقه في شرح شرائع الاسلام /$cتصنيف محمد رضا المشتهر بالمحقق الطهراني.
=880  3\$6246-03$aكتاب حقائق الفقه في شرح شرائع الاسلام
=959  \\$aNNU$bWEB$cGENI$t0$mElectronic access$s01
=999  \\$iNjP_479283$o(OCoLC)ocm23700095$sprinceton_aco004354:mujallad 3$sprinceton_aco004522:mujallad 2$sprinceton_aco004511:mujallad 4$sprinceton_aco004515:mujallad 5$sprinceton_aco004524:mujallad 6$sprinceton_aco004605:mujallad 8$sprinceton_aco004508:mujallad 9$sprinceton_aco004509:mujallad 10$sprinceton_aco004490:mujallad 11$sprinceton_aco004506:mujallad 12$sprinceton_aco004507:mujallad 13$sprinceton_aco004510:mujallad 14$sprinceton_aco004501:mujallad 15$sprinceton_aco004488:mujallad 16$sprinceton_aco004477:mujallad 17$sprinceton_aco004502:mujallad 18$sprinceton_aco004513:mujallad 19$sprinceton_aco004498:mujallad 20$sprinceton_aco004489:mujallad 21$sprinceton_aco004493:mujallad 22$sprinceton_aco004487:mujallad 23$sprinceton_aco004495:mujallad 24$sprinceton_aco004523:mujallad 25-26$sprinceton_aco004491:mujallad 27$sprinceton_aco004492:mujallad 28-29$sprinceton_aco004500:mujallad 30$sprinceton_aco004504:mujallad 31$sprinceton_aco004478:mujallad 32$sprinceton_aco004479:mujallad 33$sprinceton_aco004482:mujallad 34$sprinceton_aco004481:mujallad 35$sprinceton_aco004497:mujallad 36$sprinceton_aco004512:mujallad 37$sprinceton_aco004496:mujallad 38$sprinceton_aco004486:mujallad 39$sprinceton_aco004505:mujallad 40$sprinceton_aco004514:mujallad 41$sprinceton_aco004480:mujallad 43$sprinceton_aco004483:mujallad 47$sprinceton_aco004499:mujallad 48$sprinceton_aco004484:mujallad 50$sprinceton_aco004503:mujallad 51$e(ERROR-880)$sprinceton_aco004354:mujallad 3$sprinceton_aco004522:mujallad 2$sprinceton_aco004511:mujallad 4$sprinceton_aco004515:mujallad 5$sprinceton_aco004524:mujallad 6$sprinceton_aco004605:mujallad 8$sprinceton_aco004508:mujallad 9$sprinceton_aco004509:mujallad 10$sprinceton_aco004490:mujallad 11$sprinceton_aco004506:mujallad 12$sprinceton_aco004507:mujallad 13$sprinceton_aco004510:mujallad 14$sprinceton_aco004501:mujallad 15$sprinceton_aco004488:mujallad 16$sprinceton_aco004477:mujallad 17$sprinceton_aco004502:mujallad 18$sprinceton_aco004513:mujallad 19$sprinceton_aco004498:mujallad 20$sprinceton_aco004489:mujallad 21$sprinceton_aco004493:mujallad 22$sprinceton_aco004487:mujallad 23$sprinceton_aco004495:mujallad 24$sprinceton_aco004523:mujallad 25-26$sprinceton_aco004491:mujallad 27$sprinceton_aco004492:mujallad 28-29$sprinceton_aco004500:mujallad 30$sprinceton_aco004504:mujallad 31$sprinceton_aco004478:mujallad 32$sprinceton_aco004479:mujallad 33$sprinceton_aco004482:mujallad 34$sprinceton_aco004481:mujallad 35$sprinceton_aco004497:mujallad 36$sprinceton_aco004512:mujallad 37$sprinceton_aco004496:mujallad 38$sprinceton_aco004486:mujallad 39$sprinceton_aco004505:mujallad 40$sprinceton_aco004514:mujallad 41$sprinceton_aco004480:mujallad 43$sprinceton_aco004483:mujallad 47$sprinceton_aco004499:mujallad 48$sprinceton_aco004484:mujallad 50$sprinceton_aco004503:mujallad 51

