=LDR  01764nam a2200337Mi 4500
=001  457755
=003  NjP
=006  m\\\\\\\\d\\\\\\\\
=007  cr\cn\|||m|||a
=008  210212m19629999ir\\\\\\o\\\\\000\0\ara\d
=040  \\$aZYU$bara$erda$cZYU
=100  1\$6880-01$aMahdī, Muḥammad.
=245  10$6880-02$aBayān al-aʼimmah lil-waqāyiʻ al-gharībah wa-al-asrār al-ʻajībah :$bwa-huwa kitāb ʻilmī tārīkhī ... /$ctaʼlīf wa-taḥqīq Muḥammad Mahdī.
=260  \\$a[Iran] :$b[publisher not identified],$c[1383- [1962]-]
=300  \\$aonline resource (volumes)
=336  \\$atext$2rdacontent
=337  \\$acomputer$2rdamedia
=338  \\$aonline resource$2rdacarrier
=500  \\$aTitle page partially vocalized.
=500  \\$aPart of the Arabic Collections Online (ACO) project, contributed by Princeton University Libraries.
=533  \\$aElectronic reproduction.$bNew York, N.Y. :$cNew York University,$d2021.$5NNU
=650  \0$aShīʻah$xDoctrines.
=650  \7$aShīʻah$xDoctrines.$2fast$0(OCoLC)fst01117948
=710  2\$aPrinceton University.$bLibrary.
=730  0\$aArabic Collections Online.
=776  08$iPrint version:$aMahdī, Muḥammad.$tBayān al-aʼimmah lil-waqāyiʻ al-gharībah wa-al-asrār al-ʻajībah$w(NjP)457755$w(OCoLC)78357367
=856  40$uhttp://hdl.handle.net/2333.1/h44j18ss 
=880  1\$6100-01$aمهدي، محمد.
=880  10$6245-02$aبيان الائمة للوقايع الغريبة والاسرار العجيبة :$bوهو كتاب علمي تاريخي ... /$cتأليف وتحقيق محمد مهدي.
=959  \\$aNNU$bWEB$cGENI$t0$mElectronic access$s01
=999  \\$iNjP_457755$o(OCoLC)ocm78357367$sprinceton_aco002951:juz 1$e(ERROR-880)(ERROR-MISC)$sprinceton_aco002951:juz 1

