=LDR  02096nam a2200397Mi 4500
=001  1117361
=003  NjP
=006  m\\\\\\\\d\\\\\\\\
=007  cr\cn\|||m|||a
=008  210212m19779999ir\\\\\\o\\\\\000\0\ara\d
=040  \\$aZYU$bara$erda$cZYU
=100  1\$6880-01$aMūsawī al-Shīrāzī al-Najafī, ʻAbd Allāh.
=245  10$6880-02$aDhakhīrat al-ṣāliḥīn :$bqism al-muʻāmalāt /$ctaʼlīf ʻAbd Allāh al-Mūsawī al-Shīrāzī al-Najafī.
=250  \\$6880-03$aal-Ṭabʻah 5.
=260  \\$6880-04$aMashhad al-Muqaddasah, Īrān :$b[publisher not identified],$c1398- [1977 or 1978]-
=300  \\$aonline resource (volumes)
=336  \\$atext$2rdacontent
=337  \\$acomputer$2rdamedia
=338  \\$aonline resource$2rdacarrier
=500  \\$aVol. 2 lacks volume numbering.
=500  \\$aPart of the Arabic Collections Online (ACO) project, contributed by Princeton University Libraries.
=533  \\$aElectronic reproduction.$bNew York, N.Y. :$cNew York University,$d2021.$5NNU
=650  \0$aIslamic law$xInterpretation and construction.
=650  \0$aFatwas.
=650  \7$aFatwas.$2fast$0(OCoLC)fst00921976
=650  \7$aIslamic law$xInterpretation and construction.$2fast$0(OCoLC)fst00979955
=710  2\$aPrinceton University.$bLibrary.
=730  0\$aArabic Collections Online.
=776  08$iPrint version:$aMūsawī al-Shīrāzī al-Najafī, ʻAbd Allāh.$tDhakhīrat al-ṣāliḥīn$w(NjP)1117361$w(OCoLC)36420792
=856  40$uhttp://hdl.handle.net/2333.1/2280gn4b 
=880  1\$6100-01$aموسوي الشيرازي النجفي، عبد الله.
=880  10$6245-02$aذخيرة الصالحين :$bقسم المعاملات /$cتأليف عبد الله الموسوي الشيرازي النجفي.
=880  \\$6250-03$aالطبعة 5.
=880  \\$6260-04$aمشهد المقدسة، ايران :$b[publisher not identified],$c1398- [1977 or 1978]-
=959  \\$aNNU$bWEB$cGENI$t0$mElectronic access$s01
=999  \\$iNjP_1117361$o(OCoLC)ocm36420792$sprinceton_aco003307:(juz  2)$e(ERROR-MISC)$sprinceton_aco003307:(juz  2)

