=LDR  01533nam a2200313Mi 4500
=001  1773070
=003  NjP
=006  m\\\\\\\\d\\\\\\\\
=007  cr\cn\|||m|||a
=008  210212s1953\\\\sy\a\\\\o\\\\\000\0\ara\d
=040  \\$aZYU$bara$erda$cZYU
=100  1\$6880-01$aMaṭarī, Muḥammad ibn Aḥmad,$d1272-1340.
=245  13$6880-02$aal-Taʻrīf bi-mā ānasat al-hijrah min maʻālim dār al-hijrah.
=260  \\$a[Damascus] : [publisher not identified],$c[1372 [1953]]
=300  \\$aonline resource (85 pages) :$billustrations
=336  \\$atext$2rdacontent
=337  \\$acomputer$2rdamedia
=338  \\$aonline resource$2rdacarrier
=500  \\$aPart of the Arabic Collections Online (ACO) project, contributed by Princeton University Libraries.
=533  \\$aElectronic reproduction.$bNew York, N.Y. :$cNew York University,$d2021.$5NNU
=546  \\$aIn Arabic.
=710  2\$aPrinceton University.$bLibrary.
=730  0\$aArabic Collections Online.
=776  08$iPrint version:$aMaṭarī, Muḥammad ibn Aḥmad, 1272-1340.$tal-Taʻrīf bi-mā ānasat al-hijrah min maʻālim dār al-hijrah$w(NjP)1773070$w(OCoLC)42943900
=856  40$uhttp://hdl.handle.net/2333.1/qnk993ns 
=880  1\$6100-01$aمطري، محمد بن احمد،$d1272-1340.
=880  12$6245-02$aالتعريف بما أنست الهجرة من معالم دار الهجرة.
=959  \\$aNNU$bWEB$cGENI$t0$mElectronic access$s01
=999  \\$iNjP_1773070$o(OCoLC)ocm42943900$sprinceton_aco002327$e(ERROR-880)(ERROR-MISC)$sprinceton_aco002327

