=LDR  01965nam a2200361Mi 4500
=001  452529
=003  NjP
=006  m\\\\\\\\d\\\\\\\\
=007  cr\cn\|||m|||a
=008  210212m19799999ir\a\\\\o\\\\\000\0\ara\d
=040  \\$aZYU$bara$erda$cZYU
=041  1\$aara$hper
=100  1\$6880-01$aImāmat Kāshānī, ʻAzīz Allāh.
=240  10$6880-02$aKashkūl-i Imāmat.$lArabic
=245  10$6880-03$aMajmaʻ al-fawāʼid wa-multaqá al-shawārid :$bfī ʻulūm al-awāʼil wa-al-awākhir /$ctaʼlīf ʻAzīz Allāh al-Ḥusaynī al-Kāshānī al-shahīr bi-Imāmat.
=260  \\$6880-04$aQum :$bChāpkhānah-i ʻIlmīyah,$c1399- [1979-]
=300  \\$aonline resource (volumes) :$billustrations
=336  \\$atext$2rdacontent
=337  \\$acomputer$2rdamedia
=338  \\$aonline resource$2rdacarrier
=500  \\$aTranslation of: Kashkūl-i Imāmat.
=500  \\$aPart of the Arabic Collections Online (ACO) project, contributed by Princeton University Libraries.
=533  \\$aElectronic reproduction.$bNew York, N.Y. :$cNew York University,$d2021.$5NNU
=710  2\$aPrinceton University.$bLibrary.
=730  0\$aArabic Collections Online.
=776  08$iPrint version:$aImāmat Kāshānī, ʻAzīz Allāh.$tMajmaʻ al-fawāʼid wa-multaqá al-shawārid$w(NjP)452529$w(OCoLC)25583321
=856  40$uhttp://hdl.handle.net/2333.1/0p2ngr3w 
=880  1\$6100-01$aامامت کاشانى، عزىز الله.
=880  10$6240-02$aکشکول امامت.$lArabic
=880  10$6245-03$aمجمع الفوائد وملتقى الشوارد :$bفي علوم الاوائل والاواخر /$cتأليف عزيز الله الحسيني الكاشاني الشهير بامامة.
=880  \\$6260-04$aقم :$bچاپخانه علمية،$c1399- [1979-]
=959  \\$aNNU$bWEB$cGENI$t0$mElectronic access$s01
=999  \\$iNjP_452529$o(OCoLC)ocm25583321$sprinceton_aco002645:mujallad 1$e(ERROR-MISC)$sprinceton_aco002645:mujallad 1

