=LDR  01989nam a2200349Mi 4500
=001  362916
=003  NjP
=006  m\\\\\\\\d\\\\\\\\
=007  cr\cn\|||m|||a
=008  210212s1922\\\\le\\\\\\o\\\\\000\0\ara\d
=040  \\$aZYU$bara$erda$cZYU
=100  1\$6880-01$aḤūrānī, Ṣāliḥ Ḥusayn.
=245  13$6880-02$aal-Rudūd al-Azharīyah ʻalá al-ajwibah al-Ṭāhirīyah /$cli-nāshirihā Ṣāliḥ Ḥusayn al-Ḥūrānī.
=260  \\$6880-03$aṢaydā :$bMaṭbaʻat al-ʻIrfān,$c1343 [1922 or 1923]
=300  \\$aonline resource (30 pages)
=336  \\$atext$2rdacontent
=337  \\$acomputer$2rdamedia
=338  \\$aonline resource$2rdacarrier
=500  \\$aPart of the Arabic Collections Online (ACO) project, contributed by Princeton University Libraries.
=533  \\$aElectronic reproduction.$bNew York, N.Y. :$cNew York University,$d2021.$5NNU
=650  \0$aIslamic law$xInterpretation and construction.
=650  \7$aIslamic law$xInterpretation and construction.$2fast$0(OCoLC)fst00979955
=710  2\$aPrinceton University.$bLibrary.
=730  0\$aArabic Collections Online.
=776  08$iOnline version:$aḤūrānī, Ṣāliḥ Ḥusayn.$tRudūd al-Azharīyah ʻalá al-ajwibah al-Ṭāhirīyah.$dṢaydā : Maṭbaʻat al-ʻIrfān, 1343 [1922 or 1923]$w(OCoLC)657140643
=776  08$iPrint version:$aḤūrānī, Ṣāliḥ Ḥusayn.$tal-Rudūd al-Azharīyah ʻalá al-ajwibah al-Ṭāhirīyah$w(NjP)362916$w(OCoLC)22320684
=856  40$uhttp://hdl.handle.net/2333.1/08kps235 
=880  1\$6100-01$aحوراني، صالح حسين.
=880  12$6245-02$aالردود الازهرية على الاجوبة الطاهرية /$cلناشرها صالح حسين الحوراني.
=880  \\$6260-03$aصيدا :$bمطبعة العرفان،$c1343 [1922 or 1923]
=959  \\$aNNU$bWEB$cGENI$t0$mElectronic access$s01
=999  \\$iNjP_362916$o(OCoLC)ocm22320684$sprinceton_aco003639:$e(ERROR-MISC)$sprinceton_aco003639:

