=LDR  02199nam a2200385Mi 4500
=001  859003
=003  NjP
=006  m\\\\\\\\d\\\\\\\\
=007  cr\cn\|||m|||a
=008  210212s1954\\\\sy\\\\\\o\\\\\000\0\ara\d
=040  \\$aZYU$bara$erda$cZYU
=100  1\$6880-01$aḤalabī, Muḥsin Muḥammad ʻAlī Āl Ṭāhir al-Mūsawī Āl Aḥmad.
=240  10$6880-02$aBayān fī al-ḥujjah wa-al-burhān
=245  10$6880-03$aKitāb al-bayān fī al-ḥujjah wa-al-burhān /$ctaʼlīf Muḥsin Muḥammad ʻAlī Āl Ṭāhir al-Mūsawī min Āl Aḥmad al-Ḥalabī.
=246  3\$6880-04$aBayān fī al-ḥujjah wa-al-burhān
=260  \\$6880-05$aḤalab :$bal-Maṭbaʻah al-Sūrīyah,$c1374 [1954 or 1955]
=300  \\$aonline resource (64 pages)
=336  \\$atext$2rdacontent
=337  \\$acomputer$2rdamedia
=338  \\$aonline resource$2rdacarrier
=500  \\$aPart of the Arabic Collections Online (ACO) project, contributed by Princeton University Libraries.
=533  \\$aElectronic reproduction.$bNew York, N.Y. :$cNew York University,$d2021.$5NNU
=650  \0$aIslamic law.
=650  \7$aIslamic law.$2fast$0(OCoLC)fst00979949
=710  2\$aPrinceton University.$bLibrary.
=730  0\$aArabic Collections Online.
=776  08$iPrint version:$aḤalabī, Muḥsin Muḥammad ʻAlī Āl Ṭāhir al-Mūsawī Āl Aḥmad.$tKitāb al-bayān fī al-ḥujjah wa-al-burhān$w(NjP)859003$w(OCoLC)29745520
=856  40$uhttp://hdl.handle.net/2333.1/0k6djt83 
=880  1\$6100-01$aحلبي، محسن محمد علي آل طاهر الموسوي آل احمد.
=880  10$6240-02$aبيان في الحجة والبرهان
=880  10$6245-03$aكتاب البيان في الحجة والبرهان /$cتأليف محسن محمد علي آل طاهر الموسوي من آل السيد احمد الحلبي.
=880  3\$6246-04$aبيان في الحجة والبرهان
=880  \\$6260-05$aحلب :$bالمطبعة السورية،$c١٣٧٤ [١٩٥٤ او ١٩٥٥].
=959  \\$aNNU$bWEB$cGENI$t0$mElectronic access$s01
=999  \\$iNjP_859003$o(OCoLC)ocm29745520$sprinceton_aco003556:$e(ERROR-880)(ERROR-MISC)$sprinceton_aco003556:

