=LDR  01923nam a2200397Mi 4500
=001  1070504
=003  NjP
=006  m\\\\\\\\d\\\\\\\\
=007  cr\cn\|||m|||a
=008  210212s1901\\\\tu\\\\\\o\\\\\000\0\ara\d
=040  \\$aZYU$bara$erda$cZYU
=041  0\$aara$aota
=100  1\$aḤalabī, Ibrāhīm ibn Muḥammad,$d-1549 or 1550.
=240  10$aMultaqá al-abḥur
=245  10$aMültekayülebhur /$c[Ibrāhīm ibn Muḥammad ibn Ibrāhīm al-Ḥalabī].
=246  16$aMultaqá al-abḥur
=260  \\$aDersaadet [Istanbul] :$bAhmet Cevdet ve şürekâsı,$c1319 [1901 or 1902]
=300  \\$aonline resource (4, 172 pages)
=336  \\$atext$2rdacontent
=337  \\$acomputer$2rdamedia
=338  \\$aonline resource$2rdacarrier
=500  \\$aPart of the Arabic Collections Online (ACO) project, contributed by Princeton University Libraries.
=533  \\$aElectronic reproduction.$bNew York, N.Y. :$cNew York University,$d2021.$5NNU
=546  \\$aIn Arabic; title page in Ottoman Turkish.
=650  \0$aIslamic law$vEarly works to 1800.
=650  \0$aHanafites.
=650  \7$aHanafites.$2fast$0(OCoLC)fst00950818
=650  \7$aIslamic law.$2fast$0(OCoLC)fst00979949
=655  \7$aEarly works.$2fast$0(OCoLC)fst01411636
=710  2\$aPrinceton University.$bLibrary.
=730  0\$aArabic Collections Online.
=776  08$iOnline version:$aḤalabī, Ibrāhīm ibn Muḥammad, -1549 or 50.$sMultaqá al-abḥur.$tMültekayülebhur.$dDersaadet [Istanbul] : Ahmet Cevdet ve şürekâsı, 1319 [1901 or 1902]$w(OCoLC)656993408
=776  08$iPrint version:$aḤalabī, Ibrāhīm ibn Muḥammad, -1549 or 1550.$tMültekayülebhur$w(NjP)1070504$w(OCoLC)35143550
=856  40$uhttp://hdl.handle.net/2333.1/51c5b8z6 
=959  \\$aNNU$bWEB$cGENI$t0$mElectronic access$s01
=999  \\$iNjP_1070504$o(OCoLC)ocm35143550$sprinceton_aco004122:$e(ERROR-880)(ERROR-MISC)$sprinceton_aco004122:

