=LDR  02074nam a2200361Mi 4500
=001  2787289
=003  NjP
=006  m\\\\\\\\d\\\\\\\\
=007  cr\cn\|||m|||a
=008  210212s195u\\\\sy\a\\\\o\\\\\000\0\ara\d
=040  \\$aZYU$bara$erda$cZYU
=100  1\$6880-01$aal-Ṣawwāf, Muṣṭafā Kāmil.
=245  10$6880-02$aTaʼrīkh al-ḥayāh al-mūsīqīyah /$cta'līf wa-tarjamat Muṣṭafá Kāmil al-Ṣawwāf al-mujāz fī al-adab wa-al-musīqá al-mudarris fī dār al-muʻallimīn wa-maʻhad al-musīqā.
=260  \\$6880-03$aSūrīyah :$bDār al-Yaqaẓah al-ʻArabīyah lil-Ta'līf wa-al-Tarjamah wa-al-Nashr,$c[1950?]
=300  \\$aonline resource (559 pages) :$billustrations
=336  \\$atext$2rdacontent
=337  \\$acomputer$2rdamedia
=338  \\$aonline resource$2rdacarrier
=500  \\$aPart of the Arabic Collections Online (ACO) project, contributed by Princeton University Libraries.
=533  \\$aElectronic reproduction.$bNew York, N.Y. :$cNew York University,$d2021.$5NNU
=546  \\$aIn Arabic.
=650  \0$aMusic$vBio-bibliography.
=650  \7$aMusic$2fast$0(OCoLC)fst01030269
=655  \7$aBio-bibliography.$2fast$0(OCoLC)fst01423685
=710  2\$aPrinceton University.$bLibrary.
=730  0\$aArabic Collections Online.
=776  08$iPrint version:$aal-Ṣawwāf, Muṣṭafā Kāmil.$tTaʼrīkh al-ḥayāh al-mūsīqīyah$w(NjP)2787289$w(OCoLC)42847085
=856  40$uhttp://hdl.handle.net/2333.1/3r2289j6 
=880  1\$6100-01$aالصواف، مصطفا كامل.
=880  10$6245-02$aتاريخ الحياة الموسيقية /$cتأليف وترجمة مصطفى كامل الصواف المجاز في الأدب والموسيقا المدرس في دار المعلمين ومعهد الموسيقا.
=880  \\$6260-03$aسورية :$bدار اليقظة العربية للتأليف والترجمة والنشر،$c[1950؟]
=959  \\$aNNU$bWEB$cGENI$t0$mElectronic access$s01
=999  \\$iNjP_2787289$o(OCoLC)ocm42847085$sprinceton_aco002513$e(ERROR-MISC)$sprinceton_aco002513

