=LDR  02378nam a2200457Mi 4500
=001  1453649
=003  NjP
=006  m\\\\\\\\d\\\\\\\\
=007  cr\cn\|||m|||a
=008  210212s1968\\\\iq\\\\\\o\\\\\000\0\ara\d
=040  \\$aZYU$bara$erda$cZYU
=041  1\$aara$hfre
=043  \\$aa-iq---
=100  1\$6880-01$aVaucelles, Pierre de.
=240  10$aVie en Irak il y a un siècle, vue par nos consuls.$lArabic
=245  13$6880-02$aal-Ḥayāh fī al-ʻIrāq mundhu qarn, 1814-1914.$bTaʼlīf Piyīr Dī Vūsīl. Tarjamat Akram Fādil.
=260  \\$6880-03$aBaghdād :$bMudīrīyat al-Thaqāfah al-ʻAmmah,$c1968.
=300  \\$aonline resource (184 pages)
=336  \\$atext$2rdacontent
=337  \\$acomputer$2rdamedia
=338  \\$aonline resource$2rdacarrier
=490  1\$6880-04$aSilsilat al-kutub al-mutarjamah ;$v4
=500  \\$aTranslation of La vie en Irak il y a un siècle, vue par nos consuls.
=500  \\$aIn Arabic characters.
=500  \\$aPart of the Arabic Collections Online (ACO) project, contributed by Princeton University Libraries.
=533  \\$aElectronic reproduction.$bNew York, N.Y. :$cNew York University,$d2021.$5NNU
=651  \0$aIraq$xSocial life and customs.
=650  \7$aManners and customs.$2fast$0(OCoLC)fst01007815
=651  \7$aIraq.$2fast$0(OCoLC)fst01205757
=710  2\$aPrinceton University.$bLibrary.
=730  0\$aArabic Collections Online.
=776  08$iPrint version:$aVaucelles, Pierre de.$tal-Ḥayāh fī al-ʻIrāq mundhu qarn, 1814-1914$w(NjP)1453649$w(OCoLC)18402585
=810  1\$6880-05$aIraq.$bMudīrīyah al-Thaqáfah al-ʻĀmmah.$tSilsilat al-kutub al-mutarjamah ;$v4.
=856  40$uhttp://hdl.handle.net/2333.1/tqjq2p1j 
=880  1\$6100-01$aڨوصيل، پيير دي.
=880  10$6245-02$aالحياة في العراق منذ قرن، ١٨١٤-١٩١٤ /$cتأليف پيير دي ڨوصيل ؛ ترجمة أكرم فاضل.
=880  \\$6260-03$aبغداد :$bمديرية الثقافة العمة،$c1968.
=880  1\$6490-04$aسلسلة الكتب المترجمة ؛$v٤
=880  1\$6810-05$aالعراق.$bمديرية الثقىفة العامة.$tسلسلة الكتب المترجمة ؛$v4.
=959  \\$aNNU$bWEB$cGENI$t0$mElectronic access$s01
=999  \\$iNjP_1453649$o(OCoLC)ocm18402585$sprinceton_aco004261:$e(ERROR-880)(ERROR-MISC)$sprinceton_aco004261:

