=LDR  01722nam a2200373Mi 4500
=001  1070529
=003  NjP
=006  m\\\\\\\\d\\\\\\\\
=007  cr\cn\|||m|||a
=008  210212s18uu\\\\tu\\\\\\o\\\\\000\0\ara\d
=040  \\$aZYU$bara$erda$cZYU
=100  1\$6880-01$aAnṭākī, Ḥusayn ibn ʻAbd Allāh,$d-1717 or 1718.
=245  10$6880-02$aḤusaynīyah.
=260  \\$a[Istanbul] :$b[publisher not identified],$c[1800]
=300  \\$aonline resource (31, 8 pages)
=336  \\$atext$2rdacontent
=337  \\$acomputer$2rdamedia
=338  \\$aonline resource$2rdacarrier
=500  \\$aCaption title.
=500  \\$aCommentary in the margins.
=500  \\$aPart of the Arabic Collections Online (ACO) project, contributed by Princeton University Libraries.
=533  \\$aElectronic reproduction.$bNew York, N.Y. :$cNew York University,$d2021.$5NNU
=650  \0$aDialectic$vEarly works to 1800.
=650  \7$aDialectic.$2fast$0(OCoLC)fst00892462
=655  \7$aEarly works.$2fast$0(OCoLC)fst01411636
=710  2\$aPrinceton University.$bLibrary.
=730  0\$aArabic Collections Online.
=776  08$iOnline version:$aAnṭākī, Ḥusayn ibn ʻAbd Allāh, -1717 or 18.$tḤusaynīyah.$d[Istanbul : s.n., 1800]$w(OCoLC)656885182
=776  08$iPrint version:$aAnṭākī, Ḥusayn ibn ʻAbd Allāh, -1717 or 1718.$tḤusaynīyah$w(NjP)1070529$w(OCoLC)35143559
=856  40$uhttp://hdl.handle.net/2333.1/41ns22np 
=880  1\$6100-01$aانطاكي، حسين بن عبد الله،$d-1717 or 1718.
=880  10$6245-02$aحسينية.
=959  \\$aNNU$bWEB$cGENI$t0$mElectronic access$s01
=999  \\$iNjP_1070529$o(OCoLC)ocm35143559$sprinceton_aco004138:$e(ERROR-880)(ERROR-MISC)$sprinceton_aco004138:

