=LDR  01559nam a2200349Mi 4500
=001  858727
=003  NjP
=006  m\\\\\\\\d\\\\\\\\
=007  cr\cn\|||m|||a
=008  210212s1867\\\\le\\\\\\o\\\\\000\0\ara\d
=040  \\$aZYU$bara$erda$cZYU
=245  03$6880-01$aal-Qawānīn al-tijārīyah.
=260  \\$6880-02$aBayrūt :$bal-Maṭbaʻahh al-Sharqīyah,$c1867.
=300  \\$aonline resource (79 pages)
=336  \\$atext$2rdacontent
=337  \\$acomputer$2rdamedia
=338  \\$aonline resource$2rdacarrier
=500  \\$aPart of the Arabic Collections Online (ACO) project, contributed by Princeton University Libraries.
=533  \\$aElectronic reproduction.$bNew York, N.Y. :$cNew York University,$d2021.$5NNU
=650  \0$aCommercial law.
=650  \0$aTrade regulation.
=650  \7$aCommercial law.$2fast$0(OCoLC)fst00869502
=650  \7$aTrade regulation.$2fast$0(OCoLC)fst01153817
=710  2\$aPrinceton University.$bLibrary.
=730  0\$aArabic Collections Online.
=776  08$iOnline version:$tQawānīn al-tijārīyah.$dBayrūt : al-Maṭbaʻahh al-Sharqīyah, 1867$w(OCoLC)760944094
=776  08$iPrint version:$tal-Qawānīn al-tijārīyah$w(NjP)858727$w(OCoLC)29707283
=856  40$uhttp://hdl.handle.net/2333.1/d7wm3jr6 
=880  02$6245-01$aالقوانين التجارية.
=880  \\$6260-02$aبيروت :$bالمطبعة الشرقية،$c١٨٦٧.
=959  \\$aNNU$bWEB$cGENI$t0$mElectronic access$s01
=999  \\$iNjP_858727$o(OCoLC)ocm29707283$sprinceton_aco003560:$e(ERROR-MISC)$sprinceton_aco003560:

