=LDR  01649nam a2200337Mi 4500
=001  479590
=003  NjP
=006  m\\\\\\\\d\\\\\\\\
=007  cr\cn\|||m|||a
=008  210212s1985\\\\ir\\\\\\o\\\\\000\0\ara\d
=040  \\$aZYU$bara$erda$cZYU
=100  1\$6880-01$aMurtaḍá, Muṣṭafá.
=245  10$6880-02$aLubāb al-hidāyah wa-manār al-dirāyah /$cMuṣṭafá Murtaḍá.
=260  \\$6880-03$aQum, Īrān :$b[publisher not identified],$c1406 [1985 or 1986]
=300  \\$aonline resource (94 pages)
=336  \\$atext$2rdacontent
=337  \\$acomputer$2rdamedia
=338  \\$aonline resource$2rdacarrier
=500  \\$aPart of the Arabic Collections Online (ACO) project, contributed by Princeton University Libraries.
=533  \\$aElectronic reproduction.$bNew York, N.Y. :$cNew York University,$d2021.$5NNU
=650  \0$aIslamic law$xInterpretation and construction.
=650  \7$aIslamic law$xInterpretation and construction.$2fast$0(OCoLC)fst00979955
=710  2\$aPrinceton University.$bLibrary.
=730  0\$aArabic Collections Online.
=776  08$iPrint version:$aMurtaḍá, Muṣṭafá.$tLubāb al-hidāyah wa-manār al-dirāyah$w(NjP)479590$w(OCoLC)26285973
=856  40$uhttp://hdl.handle.net/2333.1/mcvdnpmc 
=880  1\$6100-01$aمرتضى، مصطفى.
=880  10$6245-02$aلباب الهداية ومنار الدراية /$cمصطفى مرتضى.
=880  \\$6260-03$aقم، ايران :$b[publisher not identified],$c1406 [1985 or 1986]
=959  \\$aNNU$bWEB$cGENI$t0$mElectronic access$s01
=999  \\$iNjP_479590$o(OCoLC)ocm26285973$sprinceton_aco003316:$e(ERROR-MISC)$sprinceton_aco003316:

