=LDR  01603nam a2200361Mi 4500
=001  2787873
=003  NjP
=006  m\\\\\\\\d\\\\\\\\
=007  cr\cn\|||m|||a
=008  210212s1964\\\\iq\a\\\\o\\\\\000\0\ara\d
=040  \\$aZYU$bara$erda$cZYU
=100  1\$6880-01$aJawharchī, Muḥammad Ṣāliḥ.
=245  10$6880-02$aḌiyāʼ al-ṣāliḥīn.
=260  \\$6880-03$aal-Najaf :$bMaṭbaʻat al-Ādāb,$c1381 [1964/1965]
=300  \\$aonline resource (558 pages) :$billustrations
=336  \\$atext$2rdacontent
=337  \\$acomputer$2rdamedia
=338  \\$aonline resource$2rdacarrier
=500  \\$aPart of the Arabic Collections Online (ACO) project, contributed by Princeton University Libraries.
=533  \\$aElectronic reproduction.$bNew York, N.Y. :$cNew York University,$d2021.$5NNU
=546  \\$aIn Arabic.
=650  \0$aIslam$vPrayers and devotions.
=650  \7$aIslam.$2fast$0(OCoLC)fst00979776
=655  \7$aPrayers and devotions.$2fast$0(OCoLC)fst01423909
=710  2\$aPrinceton University.$bLibrary.
=730  0\$aArabic Collections Online.
=776  08$iPrint version:$aJawharchī, Muḥammad Ṣāliḥ.$tḌiyāʼ al-ṣāliḥīn$w(NjP)2787873$w(OCoLC)42862593
=856  40$uhttp://hdl.handle.net/2333.1/866t1s1s 
=880  1\$6100-01$aجوهرچى، محمد صالح.
=880  10$6245-02$aضياء الصالحين.
=880  \\$6260-03$aالنجف :$bمطبعة الاداب،$c1381 [1964/1965]
=959  \\$aNNU$bWEB$cGENI$t0$mElectronic access$s01
=999  \\$iNjP_2787873$o(OCoLC)ocm42862593$sprinceton_aco004022:$e(ERROR-MISC)$sprinceton_aco004022:

