=LDR  01559nam a2200325Mi 4500
=001  2770337
=003  NjP
=006  m\\\\\\\\d\\\\\\\\
=007  cr\cn\|||m|||a
=008  210212s1883\\\\sy\\\\\\o\\\\\000\0\ara\d
=040  \\$aZYU$bara$erda$cZYU
=100  1\$6880-01$aAbū Shaʻr, Dāwūd Afandī.
=245  10$6880-02$aTuḥfat al-ikhwān fī ḥifẓi ṣiḥḥat al-abdān /$cDāwūd Afandī Abī Shaʻr.
=260  \\$6880-03$aDimashq :$bD.A. Abī Shaʻr,$c1883.
=300  \\$aonline resource (280 pages)
=336  \\$atext$2rdacontent
=337  \\$acomputer$2rdamedia
=338  \\$aonline resource$2rdacarrier
=500  \\$aPart of the Arabic Collections Online (ACO) project, contributed by Princeton University Libraries.
=533  \\$aElectronic reproduction.$bNew York, N.Y. :$cNew York University,$d2021.$5NNU
=650  \0$aPublic health.
=710  2\$aPrinceton University.$bLibrary.
=730  0\$aArabic Collections Online.
=776  08$iPrint version:$aAbū Shaʻr, Dāwūd Afandī.$tTuḥfat al-ikhwān fī ḥifẓi ṣiḥḥat al-abdān$w(NjP)2770337$w(OCoLC)33923914
=856  40$uhttp://hdl.handle.net/2333.1/rjdfnd4m 
=880  1\$6100-01$aابو شعر، داوود افندي.
=880  10$6245-02$aتحفة الاخوان في حفظ صحة الابدان /$cداوود افندي ابي شعر.
=880  \\$6260-03$aدمشق :$bد.. ابي شعر،$c1883.
=959  \\$aNNU$bWEB$cGENI$t0$mElectronic access$s01
=999  \\$iNjP_2770337$o(OCoLC)ocm33923914$sprinceton_aco004140:$e(ERROR-MISC)$sprinceton_aco004140:

