=LDR  01529nam a2200325Mi 4500
=001  2787791
=003  NjP
=006  m\\\\\\\\d\\\\\\\\
=007  cr\cn\|||m|||a
=008  210212q19611962ir\\\\\\o\\\\\000\0\ara\d
=040  \\$aZYU$bara$erda$cZYU
=100  1\$6880-01$aTabrīzī, Jawād Āghā ibn Shafīʻ,$d-1925.
=245  13$6880-02$aal-Muraqabāt "Aʻmāl al-Sunnah."
=260  \\$6880-03$a[Tehran] :$bChāpkhāneh-yi Ḥaydarī,$c1381 [1961 or 1962]
=300  \\$aonline resource (8, 300 pages)
=336  \\$atext$2rdacontent
=337  \\$acomputer$2rdamedia
=338  \\$aonline resource$2rdacarrier
=500  \\$aPart of the Arabic Collections Online (ACO) project, contributed by Princeton University Libraries.
=533  \\$aElectronic reproduction.$bNew York, N.Y. :$cNew York University,$d2021.$5NNU
=546  \\$aIn Arabic.
=710  2\$aPrinceton University.$bLibrary.
=730  0\$aArabic Collections Online.
=776  08$iPrint version:$aTabrīzī, Jawād Āghā ibn Shafīʻ, -1925.$tal-Muraqabāt "Aʻmāl al-Sunnah."$w(NjP)2787791$w(OCoLC)42861435
=856  40$uhttp://hdl.handle.net/2333.1/6t1g1vxr 
=880  1\$6100-01$aتبرىزى، جواد آغا بن شفىع،$d-1925.
=880  12$6245-02$aالمراقبات "اعمال السنة."
=880  \\$6260-03$a[تهران] :$bچاپخانهى حىدرى،$c1381 [1961 or 1962]
=959  \\$aNNU$bWEB$cGENI$t0$mElectronic access$s01
=999  \\$iNjP_2787791$o(OCoLC)ocm42861435$sprinceton_aco003526:$e(ERROR-MISC)$sprinceton_aco003526:

