=LDR  01348nam a2200313Mi 4500
=001  2835719
=003  NjP
=006  m\\\\\\\\d\\\\\\\\
=007  cr\cn\|||m|||a
=008  210212s1955\\\\ua\a\\\\o\\\\\000\0\ara\d
=040  \\$aZYU$bara$erda$cZYU
=100  1\$6880-01$aṢidqī, A. R.$q(Abdel Razzak)
=245  13$6880-02$aal-Funūn al-rīfīyah.
=260  \\$a[Cairo] : [publisher not identified],$c[1955?]
=300  \\$aonline resource (40 pages) :$billustrations
=336  \\$atext$2rdacontent
=337  \\$acomputer$2rdamedia
=338  \\$aonline resource$2rdacarrier
=500  \\$aPart of the Arabic Collections Online (ACO) project, contributed by Princeton University Libraries.
=533  \\$aElectronic reproduction.$bNew York, N.Y. :$cNew York University,$d2021.$5NNU
=546  \\$aIn Arabic.
=710  2\$aPrinceton University.$bLibrary.
=730  0\$aArabic Collections Online.
=776  08$iPrint version:$aṢidqī, A. R. (Abdel Razzak)$tal-Funūn al-rīfīyah$w(NjP)2835719$w(OCoLC)42939988
=856  40$uhttp://hdl.handle.net/2333.1/dz08m0s3 
=880  1\$6100-01$aصدقي، ا. ر.$q(عبد الرزاق)
=880  12$6245-02$aالفنون الريفية.
=959  \\$aNNU$bWEB$cGENI$t0$mElectronic access$s01
=999  \\$iNjP_2835719$o(OCoLC)ocm42939988$sprinceton_aco004684:$e(ERROR-880)(ERROR-MISC)$sprinceton_aco004684:

