=LDR  01314nam a2200325Mi 4500
=001  2834536
=003  NjP
=006  m\\\\\\\\d\\\\\\\\
=007  cr\cn\|||m|||a
=008  210212s195u\\\\sy\\\\\\o\\\\\000\0\ara\d
=040  \\$aZYU$bara$erda$cZYU
=100  1\$6880-01$aGhādirī, Nihād.
=245  10$6880-02$aAḥādīth.
=260  \\$6880-03$aḤalab :$bMaṭbaʻat al-Ḍād,$c[195-?]
=300  \\$aonline resource (103 pages)
=336  \\$atext$2rdacontent
=337  \\$acomputer$2rdamedia
=338  \\$aonline resource$2rdacarrier
=500  \\$aPart of the Arabic Collections Online (ACO) project, contributed by Princeton University Libraries.
=533  \\$aElectronic reproduction.$bNew York, N.Y. :$cNew York University,$d2021.$5NNU
=546  \\$aIn Arabic.
=710  2\$aPrinceton University.$bLibrary.
=730  0\$aArabic Collections Online.
=776  08$iPrint version:$aGhādirī, Nihād.$tAḥādīth$w(NjP)2834536$w(OCoLC)42906071
=856  40$uhttp://hdl.handle.net/2333.1/bzkh1kb6 
=880  1\$6100-01$aغادري، نهاد.
=880  10$6245-02$aاحاديث.
=880  \\$6260-03$aحلب :$bمطبعة الضاد،$c[195-?]
=959  \\$aNNU$bWEB$cGENI$t0$mElectronic access$s01
=999  \\$iNjP_2834536$o(OCoLC)ocm42906071$sprinceton_aco004270:$e(ERROR-MISC)$sprinceton_aco004270:

