=LDR  03092nam a2200457Mi 4500
=001  1141220
=003  NjP
=006  m\\\\\\\\d\\\\\\\\
=007  cr\cn\|||m|||a
=008  210212m19289999ua\\\\\\o\\\\\000\0\ara\d
=040  \\$aZYU$bara$erda$cZYU
=041  0\$aara$heng
=100  1\$6880-01$aDarwin, Charles,$d1809-1882.
=240  10$aOrigin of species by means of natural selection ; or, The preservation of favored races in the struggle of life.$lArabic
=245  10$6880-02$aAṣl al-anwāʻ wa-nushūʼihā bi-al-intikhāb al-ṭabīʻī ; wa-ḥifẓ al-ṣufūf al-ghālibah fī al-tanāḥur ʻalá al-baqāʼ /$cShārlz Rūbirt Dārwīn ; naqalahu ilá al-ʻArabīyah Ismāʻīl Maẓhar.
=246  3\$aPreservation of favored races in the struggle for life
=246  3\$6880-03$aḤifẓ al-ṣufūf al-ghālibah fī al-tanāḥur ʻalá al-baqāʼ
=260  \\$6880-04$a[Cairo] :$bDār al-ʻAṣr lil-Ṭabʻ wa-al-Nashr,$c1928-
=300  \\$aonline resource (volumes)
=336  \\$atext$2rdacontent
=337  \\$acomputer$2rdamedia
=338  \\$aonline resource$2rdacarrier
=500  \\$aPart of the Arabic Collections Online (ACO) project, contributed by Princeton University Libraries.
=533  \\$aElectronic reproduction.$bNew York, N.Y. :$cNew York University,$d2021.$5NNU
=650  \0$aEvolution.
=650  \0$aNatural selection.
=650  \7$aEvolution.$2fast$0(OCoLC)fst00917265
=650  \7$aNatural selection.$2fast$0(OCoLC)fst01034520
=700  1\$6880-05$aMaẓhar, Ismāʻīl.
=710  2\$aPrinceton University.$bLibrary.
=730  0\$aArabic Collections Online.
=776  08$iOnline version:$aDarwin, Charles, 1809-1882.$sOrigin of species by means of natural selection ; or, The preservation of favored races in the struggle of life. Arabic.$tAṣl al-anwāʻ wa-nushūʼihā bi-al-intikhāb al-ṭabīʻī ; wa-ḥifẓ al-ṣufūf al-ghālibah fī al-tanāḥur ʻalá al-baqāʼ.$d[Cairo] : Dār al-ʻAṣr lil-Ṭabʻ wa-al-Nashr, 1928-$w(OCoLC)656692334
=776  08$iPrint version:$aDarwin, Charles, 1809-1882.$tAṣl al-anwāʻ wa-nushūʼihā bi-al-intikhāb al-ṭabīʻī ; wa-ḥifẓ al-ṣufūf al-ghālibah fī al-tanāḥur ʻalá al-baqāʼ$w(NjP)1141220$w(OCoLC)33996065
=856  40$uhttp://hdl.handle.net/2333.1/qrfj717w 
=880  1\$6100-01$aداروين، شارلز،$d1809-1882.
=880  10$6245-02$aاصل الانواع ونشونها بالانتخاب الطبيعي ؛ وحفظ الصفوف الغالبة في التناحر على البقاء /$cشارز روبرت داروين ؛ نقله الى العربية اسماعيل مظهر.
=880  3\$6246-03$aحفظ الصفوف الغالبة في التناحر على البقاء
=880  \\$6260-04$a[القاهرة] :$bدار العصر للطبع والنشر،$c-١٩٢٨.
=880  1\$6700-05$aمظهر اسماعيل.
=959  \\$aNNU$bWEB$cGENI$t0$mElectronic access$s01
=999  \\$iNjP_1141220$o(OCoLC)ocm33996065$sprinceton_aco002587:v.1$e(ERROR-880)(ERROR-MISC)$sprinceton_aco002587:v.1

