=LDR  01954nam a2200385Mi 4500
=001  443032
=003  NjP
=006  m\\\\\\\\d\\\\\\\\
=007  cr\cn\|||m|||a
=008  210212s1970\\\\ir\\\\\\ob\\\\000\0\ara\d
=040  \\$aZYU$bara$erda$cZYU
=100  1\$6880-01$aMuqarram, ʻAbd al-Razzāq.
=245  10$6880-02$aMaqtal al-Ḥusayn, ʻalayhi al-salām /$cʻAbd al-Razzāq al-Mūsawī al-Muqarram ; qaddama la-hu Muḥammad Ḥusayn al-Muqarram.
=260  \\$6880-03$aṬihrān, Īrān :$bQism al-Dirāsāt al-Islāmīyah,$c[1970?]
=300  \\$aonline resource (407 pages)
=336  \\$atext$2rdacontent
=337  \\$acomputer$2rdamedia
=338  \\$aonline resource$2rdacarrier
=500  \\$aPart of the Arabic Collections Online (ACO) project, contributed by Princeton University Libraries.
=504  \\$aIncludes bibliographical references.
=533  \\$aElectronic reproduction.$bNew York, N.Y. :$cNew York University,$d2021.$5NNU
=600  00$aḤusayn ibn ʻAlī,$d-680.
=650  \0$aShiites$xHistory.
=600  07$aḤusayn ibn ʻAlī,$d-680$2fast$0(OCoLC)fst01825184
=650  \7$aShiites.$2fast$0(OCoLC)fst01115976
=655  \7$aHistory.$2fast$0(OCoLC)fst01411628
=710  2\$aPrinceton University.$bLibrary.
=730  0\$aArabic Collections Online.
=776  08$iPrint version:$aMuqarram, ʻAbd al-Razzāq.$tMaqtal al-Ḥusayn, ʻalayhi al-salām$w(NjP)443032$w(OCoLC)25767437
=856  40$uhttp://hdl.handle.net/2333.1/nk98srbs 
=880  1\$6100-01$aمقرم، عبد الرزاق.
=880  10$6245-02$aمقتل الحسين، عليه السلام /$cعبد الرزاق الموسوي المقرم ؛ قدم له محمد حسين المقرم.
=880  \\$6260-03$aطهران، ايران :$bقسم الدراسات الاسلامية،$c[1970؟]
=959  \\$aNNU$bWEB$cGENI$t0$mElectronic access$s01
=999  \\$iNjP_443032$o(OCoLC)ocm25767437$sprinceton_aco003517:$e(ERROR-MISC)$sprinceton_aco003517:

