=LDR  01983nam a2200325Mi 4500
=001  2787369
=003  NjP
=006  m\\\\\\\\d\\\\\\\\
=007  cr\cn\|||m|||a
=008  210212s1930\\\\ua\\\\\\o\\\\\000\0\ara\d
=040  \\$aZYU$bara$erda$cZYU
=100  1\$6880-01$aal-Marrākushī, Muḥammad ibn Muḥammad ibn ʻAbd Allāh.
=245  13$6880-02$aal-Yawāqīt al-ʻaṣrīyah al-muḥtawiyah ʻalá sittat kutub fī ahamm al-tawārīkh wa-al-ḥawādith wa-al-aḥwāl al-waqtīyah wa ghayrahā min ʻajāiʼb al-waqāiʼʻ.
=260  \\$6880-03$aMiṣr :$bMuṣṭafá al-Bābī,$c1349 [1930]
=300  \\$aonline resource (400 pages)
=336  \\$atext$2rdacontent
=337  \\$acomputer$2rdamedia
=338  \\$aonline resource$2rdacarrier
=500  \\$aPart of the Arabic Collections Online (ACO) project, contributed by Princeton University Libraries.
=533  \\$aElectronic reproduction.$bNew York, N.Y. :$cNew York University,$d2021.$5NNU
=546  \\$aIn Arabic.
=710  2\$aPrinceton University.$bLibrary.
=730  0\$aArabic Collections Online.
=776  08$iPrint version:$aal-Marrākushī, Muḥammad ibn Muḥammad ibn ʻAbd Allāh.$tal-Yawāqīt al-ʻaṣrīyah al-muḥtawiyah ʻalá sittat kutub fī ahamm al-tawārīkh wa-al-ḥawādith wa-al-aḥwāl al-waqtīyah wa ghayrahā min ʻajāiʼb al-waqāiʼʻ$w(NjP)2787369$w(OCoLC)42847271
=856  40$uhttp://hdl.handle.net/2333.1/7wm380vq 
=880  1\$6100-01$aالمراكشي، محمد بن محمد بن عبد الله.
=880  12$6245-02$aاليواقيت العصرية المحتوية على ستة كتب في اهم التواريخ والحوادث والاحوال الوقتية و غيرها من عجائب الوقائع.
=880  \\$6260-03$aمصر :$bمصطفى البابي،$c1349 [1930]
=959  \\$aNNU$bWEB$cGENI$t0$mElectronic access$s01
=999  \\$iNjP_2787369$o(OCoLC)ocm42847271$sprinceton_aco004411:$e(ERROR-MISC)$sprinceton_aco004411:

