=LDR  02275nam a2200433Mi 4500
=001  382707
=003  NjP
=006  m\\\\\\\\d\\\\\\\\
=007  cr\cn\|||m|||a
=008  210212s1955\\\\sy\\\\\\o\\\\\000\0\ara\d
=040  \\$aZYU$bara$erda$cZYU
=043  \\$af-ae---
=245  03$6880-01$aal-Jazāʼir :$bqiṣṣat kifāḥ al-shaʻb al-Jazāʼirī fī sabīl ḥurrīyatihi wa-istiqlālihi mundhu fajr al-tārīkh ḥattá al-yawm.
=250  \\$6880-02$aal-Ṭabʻah 2.
=260  \\$6880-03$aḤalab :$bMaktabat al-Iqtiṣād,$c1955.
=300  \\$aonline resource (93 pages)
=336  \\$atext$2rdacontent
=337  \\$acomputer$2rdamedia
=338  \\$aonline resource$2rdacarrier
=490  1\$6880-04$aSilsilat tārīkh al-istiʻmār al-Ūrūbbī fī al-bilād al-ʻArabīyah ;$v1
=500  \\$aPart of the Arabic Collections Online (ACO) project, contributed by Princeton University Libraries.
=533  \\$aElectronic reproduction.$bNew York, N.Y. :$cNew York University,$d2021.$5NNU
=651  \0$aAlgeria$xHistory.
=651  \0$aAlgeria$xPolitics and government.
=650  \7$aPolitics and government$2fast$0(OCoLC)fst01919741
=651  \7$aAlgeria.$2fast$0(OCoLC)fst01205459
=655  \7$aHistory.$2fast$0(OCoLC)fst01411628
=710  2\$aPrinceton University.$bLibrary.
=730  0\$aArabic Collections Online.
=776  08$iPrint version:$tal-Jazāʼir$w(NjP)382707$w(OCoLC)77648682
=830  \0$6880-05$aSilsilat tārīkh al-istiʻmār al-Ūrūbbī fī al-bilād al-ʻArabīyah ;$v1.
=856  40$uhttp://hdl.handle.net/2333.1/sbcc2rtt 
=880  02$6245-01$aالجزائر :$bقصة كفاح الشعب الجزائري في سبيل حريته واستقلاله منذ فجر التاريخ حتى اليوم.
=880  \\$6250-02$aالطبعة 2.
=880  \\$6260-03$aحلب :$bمكتبة الاقتصاد،$c1955.
=880  1\$6490-04$aسلسلة تاريخ الاستعمار الاوروبي في البلاد العربية ؛$v1
=880  \0$6830-05$aسلسلة تاريخ الاستعمار الاوروبي في البلاد العربية ؛$v1.
=959  \\$aNNU$bWEB$cGENI$t0$mElectronic access$s01
=999  \\$iNjP_382707$o(OCoLC)ocm77648682$sprinceton_aco004079:$e(ERROR-MISC)$sprinceton_aco004079:

