=LDR  02507nam a2200433Mi 4500
=001  846259
=003  NjP
=006  m\\\\\\\\d\\\\\\\\
=007  cr\cn\|||m|||a
=008  210212s1988\\\\ir\a\\\\ob\\\\000\0\ara\d
=040  \\$aZYU$bara$erda$cZYU
=100  1\$6880-01$aNajafī al-Iṣfahānī, Majd al-Dīn,$d1908-1983.
=240  10$6880-02$aYawāqīt al-ḥisān fī tafsīr Sūrat al-Raḥmān
=245  13$6880-03$aal-Yawāqīt al-ḥisān fī tafsīr Sūrat al-Raḥmān ; wa-al-Mukhtār min al-qaṣāʼid wa-al-ashʻār /$ctaʼlīf Majd al-Dīn al-Najafī al-Iṣfahānī.
=250  \\$6880-04$aal-Ṭabʻah 1.
=260  \\$6880-05$aQum :$bDār al-Dhakhāʼir,$c1409 [1988 or 1989]
=300  \\$aonline resource (134 pages) :$billustrations
=336  \\$atext$2rdacontent
=337  \\$acomputer$2rdamedia
=338  \\$aonline resource$2rdacarrier
=500  \\$aPart of the Arabic Collections Online (ACO) project, contributed by Princeton University Libraries.
=504  \\$aIncludes bibliographical references.
=533  \\$aElectronic reproduction.$bNew York, N.Y. :$cNew York University,$d2021.$5NNU
=630  00$aQurʼan.$pSūrat al-Raḥmān$vCommentaries.
=630  07$aQurʼan.$pSūrat al-Raḥmān.$2fast$0(OCoLC)fst01842919
=655  \7$aCommentaries.$2fast$0(OCoLC)fst01423723
=710  2\$aPrinceton University.$bLibrary.
=730  0\$6880-06$aMukhtār min al-qaṣāʼid wa-al-ashʻār.
=730  0\$aArabic Collections Online.
=776  08$iPrint version:$aNajafī al-Iṣfahānī, Majd al-Dīn, 1908-1983.$tal-Yawāqīt al-ḥisān fī tafsīr Sūrat al-Raḥmān ; wa-al-Mukhtār min al-qaṣāʼid wa-al-ashʻār$w(NjP)846259$w(OCoLC)29325512
=856  40$uhttp://hdl.handle.net/2333.1/j0zpck9s 
=880  1\$6100-01$aنجفي الاصفهاني، مجد الدين،$d1908-1983.
=880  10$6240-02$aيواقيت الحسان في تفسير سورة الرحمن
=880  12$6245-03$aاليواقيت الحسان في تفسير سورة الرحمن ؛ والمختار من القصائد والاشعار /$cتأليف مجد الدين النجفي الاصفهاني.
=880  \\$6250-04$aالطبعة 1.
=880  \\$6260-05$aقم :$bدار الذخائر،$c1409 [1988 or 1989]
=880  0\$6730-06$aمختار من القصائد والاشعار.
=959  \\$aNNU$bWEB$cGENI$t0$mElectronic access$s01
=999  \\$iNjP_846259$o(OCoLC)ocm29325512$sprinceton_aco003959:$e(ERROR-MISC)$sprinceton_aco003959:

