=LDR  02851nam a2200517Mi 4500
=001  7152798
=003  NjP
=006  m\\\\\\\\d\\\\\\\\
=007  cr\cn\|||m|||a
=008  210212m18669999sy\\\\\\o\\\\\000\0\ara\d
=040  \\$aZYU$bara$erda$cZYU
=041  1\$aara$hspa
=050  \4$aBX2186$bP812
=100  1\$aPuente, Luis de la,$d1554-1624.
=240  10$aCompendio de las meditaciones del padre Luis de la Puente de la compañía de Jesús.$lArabic
=245  10$6880-01$aKitāb Taʼammulāt al-Anbā Luwīs al-Yasūʻī al-mulaqqab bi-al-Jasarī :$bwa-huwa thulthat ajzāʼ /$cistakhrajahu ilá al-lughah al-ʻArabīyah al-Bādirah Buṭrus Farmāj.
=246  30$6880-02$aTaʼammulāt al-Anbā Luwīs al-Yasūʻī al-mulaqqab bi-al-Jasarī
=260  \\$6880-03$aḤalab :$b[publisher not identified],$c1866-
=300  \\$aonline resource (volumes)
=336  \\$atext$2rdacontent
=337  \\$acomputer$2rdamedia
=338  \\$aonline resource$2rdacarrier
=500  \\$aPart of the Arabic Collections Online (ACO) project, contributed by Princeton University Libraries.
=505  10$6880-04$gal-Juzʼ 1.$tFī al-ṣalawah al-ʻaqlīyah wa fī Allāh subḥānuh wa fī ṣifātihi al-iqnūmīyah.
=533  \\$aElectronic reproduction.$bNew York, N.Y. :$cNew York University,$d2021.$5NNU
=650  \0$aMeditations.
=650  \0$aGod$xAttributes.
=650  \0$aChristian life.
=610  20$aCatholic Church$xDoctrines.
=610  27$aCatholic Church.$2fast$0(OCoLC)fst00531720
=650  \7$aChristian life.$2fast$0(OCoLC)fst00859185
=650  \7$aGod$xAttributes.$2fast$0(OCoLC)fst00944039
=650  \7$aMeditations.$2fast$0(OCoLC)fst01015445
=650  \7$aTheology, Doctrinal.$2fast$0(OCoLC)fst01149617
=700  1\$6880-05$aFarmāj, Buṭrus.
=710  2\$aPrinceton University.$bLibrary.
=730  0\$aArabic Collections Online.
=776  08$iPrint version:$aPuente, Luis de la, 1554-1624.$tKitāb Taʼammulāt al-Anbā Luwīs al-Yasūʻī al-mulaqqab bi-al-Jasarī$w(NjP)7152798$w(OCoLC)805735281
=856  40$uhttp://hdl.handle.net/2333.1/kd51cgch 
=880  10$6245-01$aكتاب تأملات الانبا لويس اليسوعي الملقب بالجسري :$bوهو ثلثة اجزاء /$cاستخرجه الى اللغة العربية البادرة بطرس فرماج.
=880  30$6246-02$aتأملات الانبا لويس اليسوعي الملقب بالجسري
=880  \\$6260-03$aحلب :$b[د. ن.]،$c1866-
=880  10$6505-04$gالجزء 1.$tفي الصلوة العقلية و في الله سبحانه و في صفاته الاقنومية.
=880  1\$6700-05$aفرماج، بطرس.
=959  \\$aNNU$bWEB$cGENI$t0$mElectronic access$s01
=999  \\$iNjP_7152798$o(OCoLC)ocn805735281$sprinceton_aco003470:juz 1$e(ERROR-880)$sprinceton_aco003470:juz 1

