=LDR  02061nam a2200409Mi 4500
=001  313900
=003  NjP
=006  m\\\\\\\\d\\\\\\\\
=007  cr\cn\|||m|||a
=008  210212s1964\\\\iq\\\\\\o\\\\f000\0\ara\d
=040  \\$aZYU$bara$erda$cZYU
=043  \\$aa-iq---
=110  1\$6880-01$aIraq.
=245  10$6880-02$aMajmūʻat al-tashrīʻāt al-khāṣṣah bi-al-shuʼūn al-ṣināʻīyah /$ciʻdād ʻAbd al-Qādir ʻAbd al-Laṭīf, ʻAlāʼ al-Dīn al-Lāmiʻ.
=260  \\$6880-03$aBaghdād :$bal-Jumhūrīyah al-ʻIrāqīyah, Wizārat al-Ṣināʻah,$c1964.
=300  \\$aonline resource (234 pages)
=336  \\$atext$2rdacontent
=337  \\$acomputer$2rdamedia
=338  \\$aonline resource$2rdacarrier
=500  \\$aPart of the Arabic Collections Online (ACO) project, contributed by Princeton University Libraries.
=533  \\$aElectronic reproduction.$bNew York, N.Y. :$cNew York University,$d2021.$5NNU
=650  \0$aIndustrial laws and legislation$zIraq.
=650  \7$aIndustrial laws and legislation.$2fast$0(OCoLC)fst00971186
=651  \7$aIraq.$2fast$0(OCoLC)fst01205757
=700  1\$6880-04$aʻAbd al-Laṭīf, ʻAbd al-Qādir.
=700  1\$6880-05$aLāmiʻ, ʻAlāʼ al-Dīn.
=710  2\$aPrinceton University.$bLibrary.
=730  0\$aArabic Collections Online.
=776  08$iPrint version:$aIraq.$tMajmūʻat al-tashrīʻāt al-khāṣṣah bi-al-shuʼūn al-ṣināʻīyah$w(NjP)313900$w(OCoLC)28143899
=856  40$uhttp://hdl.handle.net/2333.1/02v6x6qh 
=880  1\$6110-01$aالعراق.
=880  10$6245-02$aمجموعة التشريعات الخاصة بالشؤون الصناعية.
=880  \\$6260-03$aبغداد :$bالجمهورية العراقية، وزارة الصناعة،$c1964.
=880  1\$6700-04$aعبد اللطيف، عبد القادر.
=880  1\$6700-05$aلامع، علاء الدين.
=959  \\$aNNU$bWEB$cGENI$t0$mElectronic access$s01
=999  \\$iNjP_313900$o(OCoLC)ocm28143899$sprinceton_aco003697:$e(ERROR-880)(ERROR-MISC)$sprinceton_aco003697:

