=LDR  02612nam a2200457Mi 4500
=001  479585
=003  NjP
=006  m\\\\\\\\d\\\\\\\\
=007  cr\cn\|||m|||a
=008  210212s1985\\\\ir\\\\\\ob\\\\000\0\ara\d
=040  \\$aZYU$bara$erda$cZYU
=100  1\$6880-01$aDāmād, Muḥammad Bāqir ibn Muḥammad,$d-1631?
=245  10$6880-02$aSharḥ al-Ṣaḥīfah al-kāmilah al-sajjādīyah /$ctaʼlīf Muḥammad Bāqir al-mushtahir bi-al-Dāmād ; taḥqīq Mahdī al-Rajāʼī ; bi-ihtimām Maḥmūd al-Mīr Dāmādī.
=260  \\$6880-03$aIṣfahān :$bMahdīyat al-Mīr Dāmād,$c1406 [1985 or 1986]
=300  \\$aonline resource (454 pages)
=336  \\$atext$2rdacontent
=337  \\$acomputer$2rdamedia
=338  \\$aonline resource$2rdacarrier
=490  1\$6880-04$aMahdīyat al-Mīr Dāmād Iṣfahān ;$v1
=500  \\$aPart of the Arabic Collections Online (ACO) project, contributed by Princeton University Libraries.
=504  \\$aIncludes bibliographical references.
=533  \\$aElectronic reproduction.$bNew York, N.Y. :$cNew York University,$d2021.$5NNU
=630  00$aṢaḥīfah al-kāmilah.
=650  \0$aShīʻah$xCustoms and practices$vEarly works to 1800.
=630  07$aṢaḥīfah al-kāmilah.$2fast$0(OCoLC)fst01376375
=650  \7$aShīʻah$xCustoms and practices.$2fast$0(OCoLC)fst01117947
=655  \7$aEarly works.$2fast$0(OCoLC)fst01411636
=700  1\$6880-05$aRajāʼī, Mahdī.
=710  2\$aPrinceton University.$bLibrary.
=730  0\$aArabic Collections Online.
=776  08$iPrint version:$aDāmād, Muḥammad Bāqir ibn Muḥammad, -1631?$tSharḥ al-Ṣaḥīfah al-kāmilah al-sajjādīyah$w(NjP)479585$w(OCoLC)26452963
=830  \0$6880-06$aMahdīyat al-Mīr Dāmād Iṣfahān ;$v1.
=856  40$uhttp://hdl.handle.net/2333.1/5mkkwt8w 
=880  1\$6100-01$aداماد، محمد باقر بن محمد،$d-1631?
=880  10$6245-02$aشرح الصحيفة الكاملة السجادية /$cتأليف محمد باقر المشتهر بالداماد ؛ تحقيق مهدي الرجائي ؛ باهتمام محمود المير دامادي.
=880  \\$6260-03$aاصفهان :$bمهدية المير داماد،$c1406 [1985 or 1986]
=880  1\$6490-04$aمهدية المير داماد اصفهان ؛$v1
=880  1\$6700-05$aرجائي، مهدى.
=880  \0$6830-06$aمهدية المير داماد اصفهان ؛$v1.
=959  \\$aNNU$bWEB$cGENI$t0$mElectronic access$s01
=999  \\$iNjP_479585$o(OCoLC)ocm26452963$sprinceton_aco003192$e(ERROR-MISC)$sprinceton_aco003192

