=LDR  01873nam a2200349Mi 4500
=001  908076
=003  NjP
=006  m\\\\\\\\d\\\\\\\\
=007  cr\cn\|||m|||a
=008  210212m19839999ir\\\\\\o\\\\\000\0\ara\d
=040  \\$aZYU$bara$erda$cZYU
=100  1\$6880-01$aJalīlī, Muṣṭafá.
=245  10$6880-02$aNihāyat al-wuṣūl fī sharḥ Kifāyat al-uṣūl /$ctaʼlīf Muṣṭafá al-Jalīlī.
=260  \\$6880-03$a[Qom] :$b[publisher not identified],$c1404- [1983 or 1984-]$e(Qum :$fMaṭbaʻat al-Khiyām)
=300  \\$aonline resource (volumes)
=336  \\$atext$2rdacontent
=337  \\$acomputer$2rdamedia
=338  \\$aonline resource$2rdacarrier
=500  \\$aPart of the Arabic Collections Online (ACO) project, contributed by Princeton University Libraries.
=533  \\$aElectronic reproduction.$bNew York, N.Y. :$cNew York University,$d2021.$5NNU
=600  10$aKhurāsānī, Muḥammad Kāẓim,$d1839 or 1840-1911.$tKifāyat al-uṣūl.
=650  \0$aIslamic law$xInterpretation and construction.
=650  \7$aIslamic law$xInterpretation and construction.$2fast$0(OCoLC)fst00979955
=710  2\$aPrinceton University.$bLibrary.
=730  0\$aArabic Collections Online.
=776  08$iPrint version:$aJalīlī, Muṣṭafá.$tNihāyat al-wuṣūl fī sharḥ Kifāyat al-uṣūl$w(NjP)908076$w(OCoLC)30963068
=856  40$uhttp://hdl.handle.net/2333.1/5qfttqx8 
=880  1\$6100-01$aجليلي، مصطفى.
=880  10$6245-02$aنهاية الوصول في شرح كفاية الاصول /$cتأليف مصطفى الجليلي.
=880  \\$6260-03$a[قم ] :$b[publisher not identified],$c1404- [1983 or 1984-]$e(قم :$fمطبعة الخيام)
=959  \\$aNNU$bWEB$cGENI$t0$mElectronic access$s01
=999  \\$iNjP_908076$o(OCoLC)ocm30963068$sprinceton_aco003447:juz 1$e(ERROR-MISC)$sprinceton_aco003447:juz 1

