=LDR  01900nam a2200349Mi 4500
=001  2787790
=003  NjP
=006  m\\\\\\\\d\\\\\\\\
=007  cr\cn\|||m|||a
=008  210212s1941\\\\ua\a\\\\o\\\\\000\0\ara\d
=040  \\$aZYU$bara$erda$cZYU
=100  1\$6880-01$aAbāẓah, Fuʼād.
=245  10$6880-02$aKitāb ʻan al-maʻriḍ al-zirāʻī al-ṣināʻī al-khāmis ʻashar min 15 Fabrāyir sanat 1936 ilā 15 Abrīl sanat 1936.
=260  \\$6880-03$aMiṣr :$bMaṭbaʻat ʻAlī ʻAnānī,$c[1941]
=300  \\$aonline resource (323 pages) :$billustrations
=336  \\$atext$2rdacontent
=337  \\$acomputer$2rdamedia
=338  \\$aonline resource$2rdacarrier
=500  \\$aPart of the Arabic Collections Online (ACO) project, contributed by Princeton University Libraries.
=533  \\$aElectronic reproduction.$bNew York, N.Y. :$cNew York University,$d2021.$5NNU
=546  \\$aIn Arabic.
=710  1\$6880-04$aCairo (Egypt).$bMaʻriḍ al-Zirāʻī al-Ṣināʻī, 1936.
=710  2\$aPrinceton University.$bLibrary.
=730  0\$aArabic Collections Online.
=776  08$iPrint version:$aAbāẓah, Fuʼād.$tKitāb ʻan al-maʻriḍ al-zirāʻī al-ṣināʻī al-khāmis ʻashar min 15 Fabrāyir sanat 1936 ilā 15 Abrīl sanat 1936$w(NjP)2787790$w(OCoLC)42861430
=856  40$uhttp://hdl.handle.net/2333.1/v41nsbw5 
=880  1\$6100-01$aاباظة، فؤاد.
=880  10$6245-02$aكتاب عن المعرض الزراعي الصناعي الخامس عشر من 15 فبراير سنة 1936 الى 15 ابريل سنة 1936.
=880  \\$6260-03$aمصر :$bمطبعة علي عناني،$c[1941]
=880  1\$6710-04$aالقاهرة (مصر).$bمعرض الزراعي الصناعي، 1936.
=959  \\$aNNU$bWEB$cGENI$t0$mElectronic access$s01
=999  \\$iNjP_2787790$o(OCoLC)ocm42861430$sprinceton_aco002562$e(ERROR-MISC)$sprinceton_aco002562

