=LDR  03817nam a2200553Mi 4500
=001  3906972
=003  NjP
=006  m\\\\\\\\d\\\\\\\\
=007  cr\cn\|||m|||a
=008  210212s1956\\\\ir\\\\\\o\\\\\000\0\arard
=040  \\$aZYU$bara$erda$cZYU
=050  \4$aBP194$b.F38 1956
=100  1\$6880-01$aFayḍ al-Kāshī, Muḥammad ibn Murtaḍá,$d1598 or 1599-1680 or 1681.
=240  10$6880-02$aWāfī
=245  10$6880-03$aKitāb al-Wāfī /$ctaʼlīf Muḥammad Muḥsin ibn al-Shāh Murtaḍá al-mushtahir bi-al-Fayḍ al-Kāshānī ; wa-ʻalayhi taʻlīqat Rafīʻ al-Dīn al-Nāʼīnī wa-mukhtārāt min taʻlīqat Murād ibn ʻAlaykhān al-Tafrīshī wa-taʻlīqat Sulṭān al-ʻUlamāʼ ; ʻuniya bi-al-taʻlīq wa-jamʻ al-ḥawāshī wa-taḥqīqihā wa-taṣḥīḥihā Abū al-Ḥasan al-madʻū bi-al-Shaʻrānī.
=264  \1$6880-04$aṬihrān :$bal-Maktabah al-Islāmīyah,$c1956.
=300  \\$aonline resource (3 volumes)
=336  \\$atext$2rdacontent
=337  \\$acomputer$2rdamedia
=338  \\$aonline resource$2rdacarrier
=500  \\$aForms part of the Islamic Lithographs Collection.$5ICU
=500  \\$aPart of the Arabic Collections Online (ACO) project, contributed by Princeton University Libraries.
=533  \\$aElectronic reproduction.$bNew York, N.Y. :$cNew York University,$d2021.$5NNU
=650  \0$aHadith (Shiites)$vEarly works to 1800.
=650  \0$6880-05$aShīʻah$vEarly works to 1800.
=650  \7$aHadith (Shiites)$2fast$0(OCoLC)fst00950138
=650  \7$aShīʻah.$2fast$0(OCoLC)fst01117946
=655  \7$aEarly works.$2fast$0(OCoLC)fst01411636
=700  1\$6880-06$aRafīʻā, Muḥammad ibn Ḥaydar,$d1588 or 1589-1670?
=700  1\$6880-07$aTafrīshī, Murād ibn ʻAlīkhān,$d1557 or 1558-1642.
=700  1\$6880-08$aSulṭān al-ʻUlamāʼ, Ḥusayn ibn Rafīʻ,$d-1654.
=700  1\$6880-09$aShaʻrānī, Abū al-Ḥasan.
=710  2\$aIslamic Lithographs Collection.$5ICU
=710  2\$aPrinceton University.$bLibrary.
=730  0\$aArabic Collections Online.
=776  08$iOnline version:$aFayḍ al-Kāshī, Muḥammad ibn Murtaḍá, 1598 or 1599-1680 or 1681.$sWāfī.$tKitāb al-Wāfī.$dṬihrān : al-Maktabah al-Islāmīyah, 1956$w(OCoLC)1127311652
=776  08$iPrint version:$aFayḍ al-Kāshī, Muḥammad ibn Murtaḍá, 1598 or 1599-1680 or 1681.$tKitāb al-Wāfī$w(NjP)3906972$w(OCoLC)43549463
=856  40$uhttp://hdl.handle.net/2333.1/6hdr83s2 
=880  1\$6100-01$aفيض الكاشي، محمد بن مرتضى،$d1598 or 1599-1680 or 1681.
=880  10$6240-02$aوافي
=880  10$6245-03$aكتاب الوافي /$cتأليف محمد محسن بن الشاه مرتضى المشتهر بالفيض الكاشاني ؛ وعليه تعليقة رفيع الدين النائيني ومخترات من تعليقة مراد بن عليخان التفريشي وتعليقة سلطان العلماء ؛ عني بالتعليق وجمع الحواشي وتحقيقها وتصحيحها ابو الحسن المدعوا بالشعراني.
=880  \1$6264-04$aطهران :$bالمكتبة الاسلامية،$c1956.
=880  \4$6650-05$aشيعة.
=880  1\$6700-06$aرفىعا، محمد بن حىدر،$d1588 or 1589-1670?
=880  1\$6700-07$aتفريشي، مراد بن عليخان،$d1557 or 1558-1642.
=880  1\$6700-08$aسلطان العلماء، حسين بن رفيع،$d-1654?
=880  1\$6700-09$aشعراني، ابو الحسن.
=959  \\$aNNU$bWEB$cGENI$t0$mElectronic access$s01
=999  \\$iNjP_3906972$o(OCoLC)ocm43549463$sprinceton_aco003742:vol.3$sprinceton_aco003763:vol.1$sprinceton_aco003764:vol.2$e(ERROR-880)$sprinceton_aco003742:vol.3$sprinceton_aco003763:vol.1$sprinceton_aco003764:vol.2

