=LDR  01435nam a2200349Mi 4500
=001  2945063
=003  NjP
=006  m\\\\\\\\d\\\\\\\\
=007  cr\cn\|||m|||a
=008  210212s1882\\\\ua\\\\\\o\\\\\000\0\ara\d
=040  \\$aZYU$bara$erda$cZYU
=130  0\$6880-01$aQurʼan.
=245  13$6880-02$aal-Muṣḥaf al-sharīf.
=260  \\$6880-03$a[Būlāq] :$b[publisher not identified],$c[1299] [1882?]
=300  \\$aonline resource (603 unnumbered pages)
=336  \\$atext$2rdacontent
=337  \\$acomputer$2rdamedia
=338  \\$aonline resource$2rdacarrier
=500  \\$aBinder's title (transliterated).
=500  \\$aPart of the Arabic Collections Online (ACO) project, contributed by Princeton University Libraries.
=533  \\$aElectronic reproduction.$bNew York, N.Y. :$cNew York University,$d2021.$5NNU
=546  \\$aText in Arabic.
=630  00$aQurʼan.
=710  2\$aPrinceton University.$bLibrary.
=730  0\$aArabic Collections Online.
=776  08$iPrint version:$tal-Muṣḥaf al-sharīf$w(NjP)2945063$w(OCoLC)43244152
=856  40$uhttp://hdl.handle.net/2333.1/t4b8h4qq 
=880  0\$6130-01$aقرأن.
=880  12$6245-02$aالمصحف الشريف.
=880  \\$6260-03$a[بولاق] :$b[publisher not identified],$c[1299] [1882?]
=959  \\$aNNU$bWEB$cGENI$t0$mElectronic access$s01
=999  \\$iNjP_2945063$o(OCoLC)ocm43244152$sprinceton_aco004357:$e(ERROR-880)(ERROR-MISC)$sprinceton_aco004357:

