=LDR  02314nam a2200397Mi 4500
=001  441585
=003  NjP
=006  m\\\\\\\\d\\\\\\\\
=007  cr\cn\|||m|||a
=008  210212s1983\\\\ir\\\\\\ob\\\\000\0\ara\d
=040  \\$aZYU$bara$erda$cZYU
=100  1\$6880-01$aMarūjī al-Qazwīnī, ʻAlī.
=245  13$6880-02$aal-Durar wa-al-laʼālī fī furūʻ al-alam al-ijmālī :$btaqrīr abḥāth samāḥat sayyidinā al-ustādh Āyat Allāh al-ʻUẓmá al-ḥājj al-Sayyid Taqī al-Ṭabāṭabāʼī al-Qummī /$cʻAlī al-Marūjī al-Qazwīnī.
=250  \\$6880-03$aal-Ṭabʻah 1.
=260  \\$6880-04$a[Iran] :$bA. al-Marūjī al-Qazwīnī,$c1362 [1983]
=300  \\$aonline resource (198 pages)
=336  \\$atext$2rdacontent
=337  \\$acomputer$2rdamedia
=338  \\$aonline resource$2rdacarrier
=500  \\$aPart of the Arabic Collections Online (ACO) project, contributed by Princeton University Libraries.
=504  \\$aIncludes bibliographical references.
=533  \\$aElectronic reproduction.$bNew York, N.Y. :$cNew York University,$d2021.$5NNU
=650  \0$aIslamic law$xInterpretation and construction.
=650  \7$aIslamic law$xInterpretation and construction.$2fast$0(OCoLC)fst00979955
=700  1\$6880-05$aṬabāṭabāʼī al-Qummī, Taqī.
=710  2\$aPrinceton University.$bLibrary.
=730  0\$aArabic Collections Online.
=776  08$iPrint version:$aMarūjī al-Qazwīnī, ʻAlī.$tal-Durar wa-al-laʼālī fī furūʻ al-alam al-ijmālī$w(NjP)441585$w(OCoLC)25461115
=856  40$uhttp://hdl.handle.net/2333.1/547d86j9 
=880  1\$6100-01$aمروجي القزويني، علي.
=880  12$6245-02$aالدرر واللآالي في فروع العلم الإجمالي :$bتقرير ابحاث سماحة سيدنا الستاذ آية الله العظمى الحاج السيد تقي الطباطبائي القمي /$cعلي المروجي القزويني.
=880  \\$6250-03$aالطبعة 1.
=880  \\$6260-04$a[ايران] :$bا. المروجي القزويني،$c1362 [1983]
=880  1\$6700-05$aطباطبائي القمي، تقي.
=959  \\$aNNU$bWEB$cGENI$t0$mElectronic access$s01
=999  \\$iNjP_441585$o(OCoLC)ocm25461115$sprinceton_aco003481:$e(ERROR-MISC)$sprinceton_aco003481:

