=LDR  02417nam a2200409Mi 4500
=001  314812
=003  NjP
=006  m\\\\\\\\d\\\\\\\\
=007  cr\cn\|||m|||a
=008  210212s1934\\\\mr\\\\\\o\\\\\000\0\ara\d
=040  \\$aZYU$bara$erda$cZYU
=100  1\$6880-01$aBūʻaqīlī, al-Ḥasan bin Bū Jumʻah,$d-1949.
=240  10$6880-02$aSūq al-asrār ilá ḥaḍrat al-shāhid al-sattār
=245  10$6880-03$aKitāb sūq al-asrār ilá ḥaḍrat al-shāhid al-sattār /$ctaʼlīf al-Aḥsan bin Muḥammad bin Abī Jamāʻah al-Buʻaqīlī al-Sūsī ... al-Bayḍāwī.
=250  \\$6880-04$aal-Ṭabʻah 1.
=260  \\$6880-05$aal-Dār al-Bayḍāʼ :$bal-Maṭbaʻah al-ʻArabīyah,$c1353 [1934 or 1935]
=300  \\$aonline resource (135 pages)
=336  \\$atext$2rdacontent
=337  \\$acomputer$2rdamedia
=338  \\$aonline resource$2rdacarrier
=500  \\$aPart of the Arabic Collections Online (ACO) project, contributed by Princeton University Libraries.
=533  \\$aElectronic reproduction.$bNew York, N.Y. :$cNew York University,$d2021.$5NNU
=650  \0$aIslamic law$xInterpretation and construction.
=650  \7$aIslamic law$xInterpretation and construction.$2fast$0(OCoLC)fst00979955
=710  2\$aPrinceton University.$bLibrary.
=730  0\$aArabic Collections Online.
=740  0\$6880-06$aSūq al-asrār ilá ḥaḍrat al-shāhid al-sattār.
=776  08$iPrint version:$aBūʻaqīlī, al-Ḥasan bin Bū Jumʻah, -1949.$tKitāb sūq al-asrār ilá ḥaḍrat al-shāhid al-sattār$w(NjP)314812$w(OCoLC)82167915
=856  40$uhttp://hdl.handle.net/2333.1/g4f4r2jq 
=880  1\$6100-01$aبوعقيلي، الحسن بن بو جمعة،$d-1949.
=880  10$6240-02$aسوق الاسرار الى حضرة الشاهد الستار
=880  10$6245-03$aكتاب سوق الاسرار الى حضرة الشاهد الستار /$cتأليف الاحسن بن محمد بن ابي جماعة البعقيلي السوسي ... البيضاوي.
=880  \\$6250-04$aالطبعة 1.
=880  \\$6260-05$aالدار البيضاء :$bالمطبعة العربية،$c1353 [1934 or 1935]
=880  0\$6740-06$aسوق الاسرار الى حضرة الشاهد الستار.
=959  \\$aNNU$bWEB$cGENI$t0$mElectronic access$s01
=999  \\$iNjP_314812$o(OCoLC)ocm82167915$sprinceton_aco003583:$e(ERROR-MISC)$sprinceton_aco003583:

