=LDR  01644nam a2200349Mi 4500
=001  467271
=003  NjP
=006  m\\\\\\\\d\\\\\\\\
=007  cr\cn\|||m|||a
=008  210212m19789999ir\\\\\\o\\\\\000\0\ara\d
=040  \\$aZYU$bara$erda$cZYU
=100  1\$6880-01$aMashkīnī, ʻAlī.
=245  13$6880-02$aal-Tafsīr al-mabsūṭ /$clil-faḍīl ʻAlī al-Mishkīnī al-Ardabīlī.
=260  \\$6880-03$aQum :$bal-Maṭbaʻah al-ʻIlmīyah,$c1399- [1978 or 1979-]
=300  \\$aonline resource (volumes)
=336  \\$atext$2rdacontent
=337  \\$acomputer$2rdamedia
=338  \\$aonline resource$2rdacarrier
=500  \\$aPart of the Arabic Collections Online (ACO) project, contributed by Princeton University Libraries.
=533  \\$aElectronic reproduction.$bNew York, N.Y. :$cNew York University,$d2021.$5NNU
=630  00$aQurʼan$vCommentaries.
=630  07$aQurʼan.$2fast$0(OCoLC)fst01842877
=655  \7$aCommentaries.$2fast$0(OCoLC)fst01423723
=710  2\$aPrinceton University.$bLibrary.
=730  0\$aArabic Collections Online.
=776  08$iPrint version:$aMashkīnī, ʻAlī.$tal-Tafsīr al-mabsūṭ$w(NjP)467271$w(OCoLC)23699703
=856  40$uhttp://hdl.handle.net/2333.1/c2fqzh1x 
=880  1\$6100-01$aمشکىنى، على.
=880  12$6245-02$aالتفسير المبسوط /$cللفضيل علي المشكيني الاردبيلي.
=880  \\$6260-03$aقم :$bالمطبعة العلمية،$c1399- [1978 or 1979-]
=959  \\$aNNU$bWEB$cGENI$t0$mElectronic access$s01
=999  \\$iNjP_467271$o(OCoLC)ocm23699703$sprinceton_aco002754:mujallad 4$e(ERROR-MISC)$sprinceton_aco002754:mujallad 4

