=LDR  01640nam a2200325Mi 4500
=001  1658055
=003  NjP
=006  m\\\\\\\\d\\\\\\\\
=007  cr\cn\|||m|||a
=008  210212s1948\\\\iq\\\\\\o\\\\\000\0\ara\d
=040  \\$aZYU$bara$erda$cZYU
=100  1\$6880-01$aal-Baḥrānī, Ḥusayn ibn Muḥammad,$d-1801 or 1802.
=245  13$6880-02$aal-Fawādiḥ al-Ḥusaynīyah wa-al-qawādiḥ al-baynīyah ...
=260  \\$6880-03$aal-Najaf :$bal-Maṭ-baʻah al-Ḥaydarīyah,$c[1368 [1948 or 9]]
=300  \\$aonline resource (352 pages)
=336  \\$atext$2rdacontent
=337  \\$acomputer$2rdamedia
=338  \\$aonline resource$2rdacarrier
=500  \\$aPart of the Arabic Collections Online (ACO) project, contributed by Princeton University Libraries.
=533  \\$aElectronic reproduction.$bNew York, N.Y. :$cNew York University,$d2021.$5NNU
=546  \\$aIn Arabic.
=710  2\$aPrinceton University.$bLibrary.
=730  0\$aArabic Collections Online.
=776  08$iPrint version:$aal-Baḥrānī, Ḥusayn ibn Muḥammad, -1801 or 1802.$tal-Fawādiḥ al-Ḥusaynīyah wa-al-qawādiḥ al-baynīyah$w(NjP)1658055$w(OCoLC)42915415
=856  40$uhttp://hdl.handle.net/2333.1/kwh7133d 
=880  1\$6100-01$aالبحراني، حسين بن محمد،$d-1801 or 1802.
=880  12$6245-02$aالفوادح الحسينية والقوادح البينية ...
=880  \\$6260-03$aالنجف :$bالمطبعة الحيدرية،$c[1368 [1948 or 9]]
=959  \\$aNNU$bWEB$cGENI$t0$mElectronic access$s01
=999  \\$iNjP_1658055$o(OCoLC)ocm42915415$sprinceton_aco003183$e(ERROR-880)(ERROR-MISC)$sprinceton_aco003183

