=LDR  01886nam a2200373Mi 4500
=001  480471
=003  NjP
=006  m\\\\\\\\d\\\\\\\\
=007  cr\cn\|||m|||a
=008  210212s1987\\\\ir\\\\\\ob\\\\000\0\ara\d
=040  \\$aZYU$bara$erda$cZYU
=100  1\$6880-01$aBakrī, Iḥsān ʻAbd al-Laṭīf.
=245  13$6880-02$aal-Wahhābīyah fī naẓar ʻulamāʼ al-Muslimīn /$cIḥsān ʻAbd al-Laṭīf al-Bakrī.
=250  \\$6880-03$aal-Ṭabʻah 2.
=260  \\$6880-04$aQum :$bMaktabat Āyat Allāh al-ʻUẓmá al-Marʻashī al-Najafī,$c1408 [1987 or 1988]
=300  \\$aonline resource (48 pages)
=336  \\$atext$2rdacontent
=337  \\$acomputer$2rdamedia
=338  \\$aonline resource$2rdacarrier
=500  \\$aPart of the Arabic Collections Online (ACO) project, contributed by Princeton University Libraries.
=504  \\$aIncludes bibliographical references.
=533  \\$aElectronic reproduction.$bNew York, N.Y. :$cNew York University,$d2021.$5NNU
=650  \0$aWahhābīyah.
=650  \7$aWahhābīyah.$2fast$0(OCoLC)fst01169912
=710  2\$aPrinceton University.$bLibrary.
=730  0\$aArabic Collections Online.
=776  08$iPrint version:$aBakrī, Iḥsān ʻAbd al-Laṭīf.$tal-Wahhābīyah fī naẓar ʻulamāʼ al-Muslimīn$w(NjP)480471$w(OCoLC)26476482
=856  40$uhttp://hdl.handle.net/2333.1/gf1vhtp9 
=880  1\$6100-01$aبكري، احسان عبد اللطيف.
=880  12$6245-02$aالوهابية في نظر علماء المسلمين /$cاحسان عبد اللطيف البكري.
=880  \\$6250-03$aالطبعة 2.
=880  \\$6260-04$aقم :$bمكتبة آية الله العظمى المرعشي النجفي،$c1408 [1987 or 1988]
=959  \\$aNNU$bWEB$cGENI$t0$mElectronic access$s01
=999  \\$iNjP_480471$o(OCoLC)ocm26476482$sprinceton_aco003677:$e(ERROR-MISC)$sprinceton_aco003677:

