=LDR  01630nam a2200313Mi 4500
=001  499043
=003  NjP
=006  m\\\\\\\\d\\\\\\\\
=007  cr\cn\|||m|||a
=008  210212s1909\\\\sy\\\\\\o\\\\\000\0\ara\d
=040  \\$aZYU$bara$erda$cZYU
=100  1\$6880-01$aʻĀzār, Nasīm.
=245  10$6880-02$aArwāḥ al-aḥrār :$bdrāmā bi-arbaʻat fuṣūl /$cta'līf Nasīm al-ʻĀzār.
=260  \\$6880-03$aSūq al-Ḥamdīyāh :$bal-Maktabah al-Jāmiʻah, Rizq Allāh Sarkīs,$c1909 ;$e[Damascus] :$fMaṭbaʻat al-Tawfīq.
=300  \\$aonline resource (96 pages)
=336  \\$atext$2rdacontent
=337  \\$acomputer$2rdamedia
=338  \\$aonline resource$2rdacarrier
=500  \\$aPart of the Arabic Collections Online (ACO) project, contributed by Princeton University Libraries.
=533  \\$aElectronic reproduction.$bNew York, N.Y. :$cNew York University,$d2021.$5NNU
=710  2\$aPrinceton University.$bLibrary.
=730  0\$aArabic Collections Online.
=776  08$iPrint version:$aʻĀzār, Nasīm.$tArwāḥ al-aḥrār$w(NjP)499043$w(OCoLC)22316412
=856  40$uhttp://hdl.handle.net/2333.1/fbg79pq9 
=880  1\$6100-01$aعازار، نسيم.
=880  10$6245-02$aارواح الاحرار :$bدراما باربعة فصول /$cتأليف نسيم العازار.
=880  \\$6260-03$aسوق الحميديه :$bالمكتبة الجامعة، رزق الله سركيس،$c1909 ؛$e[دمشق] :$fمطبعة التوفيق.
=959  \\$aNNU$bWEB$cGENI$t0$mElectronic access$s01
=999  \\$iNjP_499043$o(OCoLC)ocm22316412$sprinceton_aco002781$e(ERROR-MISC)$sprinceton_aco002781

