=LDR  02765nam a2200493Mi 4500
=001  479295
=003  NjP
=006  m\\\\\\\\d\\\\\\\\
=007  cr\cn\|||m|||a
=008  210212s1986\\\\ir\a\\\\ob\\\\000\0\ara\d
=040  \\$aZYU$bara$erda$cZYU
=041  0\$aara$aper
=050  \4$aBP193.14.A2$bS2436 1987
=100  1\$6880-01$aMajlisī, Muḥammad Bāqir ibn Muḥammad Taqī,$d1627 or 1628-approximately 1699.
=245  13$6880-02$aal-Farāʼid al-ṭarīfah fī sharḥ al-Ṣaḥīfah al-sharīfah /$ctaʼlīf Muḥammad Bāqir al-Majlisī ; taḥqīq Mahdī al-Rajāʼī.
=260  \\$6880-03$aIṣfahān :$bMaktabat al-ʻAllāmah al-Majlisī,$c1407 [1986 or 1987]
=300  \\$aonline resource (16, 342 pages) :$billustrations
=336  \\$atext$2rdacontent
=337  \\$acomputer$2rdamedia
=338  \\$aonline resource$2rdacarrier
=490  1\$6880-04$aMaktabah al-ʻAllāmah al-Majlisī ;$v1
=500  \\$aPref. in Persian.
=500  \\$aPart of the Arabic Collections Online (ACO) project, contributed by Princeton University Libraries.
=504  \\$aIncludes bibliographical references.
=533  \\$aElectronic reproduction.$bNew York, N.Y. :$cNew York University,$d2021.$5NNU
=630  00$aṢaḥīfah al-kāmilah.
=650  \0$aShīʻah$vPrayers and devotions.
=630  07$aṢaḥīfah al-kāmilah.$2fast$0(OCoLC)fst01376375
=650  \7$aShīʻah.$2fast$0(OCoLC)fst01117946
=655  \7$aPrayers and devotions.$2fast$0(OCoLC)fst01423909
=700  1\$6880-05$aRajāʼī, Mahdī.
=710  2\$aPrinceton University.$bLibrary.
=730  0\$aArabic Collections Online.
=776  08$iPrint version:$aMajlisī, Muḥammad Bāqir ibn Muḥammad Taqī, 1627 or 1628-approximately 1699.$tal-Farāʼid al-ṭarīfah fī sharḥ al-Ṣaḥīfah al-sharīfah$w(NjP)479295$w(OCoLC)26285935
=830  \0$6880-06$aMaktabah al-ʻAllāmah al-Majlisī (Series) ;$v1.
=856  40$uhttp://hdl.handle.net/2333.1/3n5tbcq9 
=880  1\$6100-01$a‏مجلسي، محمد باقر بن محمد تقي،$d1627 or 1628-approximately 1699.
=880  12$6245-02$a‏الفرائد الطريفة في شرح الصحيفة /‏$c‏تأليف محمد باقر المجلسي ؛ تحقيق مهدي الرجائي.
=880  \\$6260-03$a‏اصفهان :‏$b‏مكتبة العلامة المجلسي،‏$c‏1407 [1986 أو 1987]
=880  1\$6490-04$a‏مكتبة العلامة المجلسي ؛‏$v‏1
=880  1\$6700-05$aرجائي، مهدي.
=880  \0$6830-06$a‏مكتبة العلامة المجلسي (سلسلة) ؛‏$v‏1.
=959  \\$aNNU$bWEB$cGENI$t0$mElectronic access$s01
=999  \\$iNjP_479295$o(OCoLC)ocm26285935$sprinceton_aco003533:$e(ERROR-880)$sprinceton_aco003533:

