=LDR  02338nam a2200433Mi 4500
=001  198971
=003  NjP
=006  m\\\\\\\\d\\\\\\\\
=007  cr\cn\|||m|||a
=008  210212m19611971iq\\\\\\o\\\\\000\0\ara\d
=040  \\$aZYU$bara$erda$cZYU
=043  \\$aa-su---
=100  1\$6880-01$aShāhrūdī, Maḥmūd al-Ḥusaynī.
=245  10$6880-02$aKitāb al-ḥajj :$btaqrīr baḥth /$cMaḥmūd al-Ḥusaynī al-Shāhrūdī ; taʼlīf Muḥammad Ibrāhīm al-Jannātī.
=250  \\$6880-03$aal-Ṭabʻah 2.
=260  \\$6880-04$aal-Najaf :$bMaṭbaʻat al-Qaḍāʼ,$c1381-1391 [1961 or 1962-1971 or 1972]
=300  \\$aonline resource (5 volumes)
=336  \\$atext$2rdacontent
=337  \\$acomputer$2rdamedia
=338  \\$aonline resource$2rdacarrier
=500  \\$aPart of the Arabic Collections Online (ACO) project, contributed by Princeton University Libraries.
=533  \\$aElectronic reproduction.$bNew York, N.Y. :$cNew York University,$d2021.$5NNU
=650  \0$aMuslim pilgrims and pilgrimages$zSaudi Arabia$zMecca.
=650  \7$aMuslim pilgrims and pilgrimages.$2fast$0(OCoLC)fst01030970
=651  \7$aSaudi Arabia$zMecca.$2fast$0(OCoLC)fst01204780
=700  1\$6880-05$aJannātī, Muḥammad Ibrāhīm.
=710  2\$aPrinceton University.$bLibrary.
=730  0\$aArabic Collections Online.
=740  0\$6880-06$aḤajj.
=776  08$iPrint version:$aShāhrūdī, Maḥmūd al-Ḥusaynī.$tKitāb al-ḥajj$w(NjP)198971$w(OCoLC)81869455
=856  40$uhttp://hdl.handle.net/2333.1/sqv9sfqs 
=880  1\$6100-01$aشاهرودي، محمود الحسيني.
=880  10$6245-02$aكتاب الحج :$bتقرير بحث /$cمحمود الحسيني الشاهرودي ؛ تأليف محمد ابراهيم الجناتي.
=880  \\$6250-03$aالطبعة 2.
=880  \\$6260-04$aالنجف :$bمطبعة القضاء،$c1381-1391 [1961 or 1962-1971 or 1972]
=880  1\$6700-05$aجناتي، محمد ابراهيم.
=880  0\$6740-06$aحج.
=959  \\$aNNU$bWEB$cGENI$t0$mElectronic access$s01
=999  \\$iNjP_198971$o(OCoLC)ocm81869455$sprinceton_aco003228:juz 1$sprinceton_aco002972:juz 2$sprinceton_aco002975:juz 3$sprinceton_aco002980:juz 4$e(ERROR-MISC)$sprinceton_aco003228:juz 1$sprinceton_aco002972:juz 2$sprinceton_aco002975:juz 3$sprinceton_aco002980:juz 4

