=LDR  02511nam a2200397Mi 4500
=001  480426
=003  NjP
=006  m\\\\\\\\d\\\\\\\\
=007  cr\cn\|||m|||a
=008  210212s1986\\\\ir\\\\\\o\\\\\000\0\ara\d
=040  \\$aZYU$bara$erda$cZYU
=100  1\$6880-01$aMakārim Shīrāzī, Nāṣir.
=245  10$6880-02$aSilsilat al-durūs al-dīnīyah fī al-ʻaqāʼid al-Islāmīyah /$c[Nāṣir Makārim al-Shīrāzī, Jaʻfar Ṣādiq al-Khalīlī].
=250  \\$6880-03$aal-Ṭabʻah 1.
=260  \\$6880-04$aṬihrān, Īrān :$bQism al-Iʻlām al-Khārijī, Muʼassasat al-Baʻthah,$c1407 [1986 or 1987]
=300  \\$aonline resource (5 volumes)
=336  \\$atext$2rdacontent
=337  \\$acomputer$2rdamedia
=338  \\$aonline resource$2rdacarrier
=500  \\$aPart of the Arabic Collections Online (ACO) project, contributed by Princeton University Libraries.
=505  0\$aal-qism 1. Maʻrifat Allāh -- al-qism 2. Maʻrifat al-nubūwah -- al-qism 3. Maʻrifat al-Imāmah -- al-qism 4. Maʻrifat al-ʻadl al-ilāhī -- al-qism 5. Maʻrifat al-maʻād.
=533  \\$aElectronic reproduction.$bNew York, N.Y. :$cNew York University,$d2021.$5NNU
=650  \0$aIslam$xDoctrines.
=650  \7$aIslam$xDoctrines.$2fast$0(OCoLC)fst00979787
=700  1\$6880-05$aKhalīlī, Jaʻfar Ṣādiq.
=710  2\$aPrinceton University.$bLibrary.
=730  0\$aArabic Collections Online.
=776  08$iPrint version:$aMakārim Shīrāzī, Nāṣir.$tSilsilat al-durūs al-dīnīyah fī al-ʻaqāʼid al-Islāmīyah$w(NjP)480426$w(OCoLC)26476478
=856  40$uhttp://hdl.handle.net/2333.1/2ngf25gc 
=880  1\$6100-01$aمكارم شيرازي، ناصر.
=880  10$6245-02$aسلسلة الدروس الدينية في العقائد الاسلامية /$c[ناصر مكارم الشيرازي، جعفر صادق الخليلي].
=880  \\$6250-03$aالطبعة 1.
=880  \\$6260-04$aطهران، ايران :$bقسم الاعلام الخارجي، مؤسسة البعثة،$c1407 [1986 or 1987]
=880  1\$6700-05$aخليلي، جعفر صادق.
=959  \\$aNNU$bWEB$cGENI$t0$mElectronic access$s01
=999  \\$iNjP_480426$o(OCoLC)ocm26476478$sprinceton_aco003827:qism 1$sprinceton_aco003828:qism 2$sprinceton_aco003826:qism 3$sprinceton_aco003825:qism 4$sprinceton_aco003824:qism 5$e(ERROR-MISC)$sprinceton_aco003827:qism 1$sprinceton_aco003828:qism 2$sprinceton_aco003826:qism 3$sprinceton_aco003825:qism 4$sprinceton_aco003824:qism 5

