=LDR  01663nam a2200361Mi 4500
=001  502279
=003  NjP
=006  m\\\\\\\\d\\\\\\\\
=007  cr\cn\|||m|||a
=008  210212m19829999pk\\\\\\ob\\\\000\0\arar\
=040  \\$aZYU$bara$erda$cZYU
=050  04$aBP194.1$b.R23 1982
=100  1\$6880-01$aRaḍawī, Muḥammad al-Raḍī.
=245  10$6880-02$aKadhabū ʻalá al-Shīʻah /$c[Muḥammad al-Raḍī al-Raḍawī].
=260  \\$a[Pakistan?] :$b[publisher not identified],$c[1982-]
=300  \\$aonline resource (volumes <1>)
=336  \\$atext$2rdacontent
=337  \\$acomputer$2rdamedia
=338  \\$aonline resource$2rdacarrier
=500  \\$aPart of the Arabic Collections Online (ACO) project, contributed by Princeton University Libraries.
=504  \\$aIncludes bibliographical references.
=533  \\$aElectronic reproduction.$bNew York, N.Y. :$cNew York University,$d2021.$5NNU
=650  \0$aShīʻah$vApologetic works.
=650  \7$aShīʻah.$2fast$0(OCoLC)fst01117946
=655  \7$aApologetic writings.$2fast$0(OCoLC)fst01423698
=710  2\$aPrinceton University.$bLibrary.
=730  0\$aArabic Collections Online.
=776  08$iPrint version:$aRaḍawī, Muḥammad al-Raḍī.$tKadhabū ʻalá al-Shīʻah$w(NjP)502279$w(DLC) 84182282 $w(OCoLC)12262321
=856  40$uhttp://hdl.handle.net/2333.1/ht76hqwx 
=880  1\$6100-01$aرضوي، محمد الرضي.
=880  10$6245-02$aكذبوا على الشيعة /$c[محمد الرضي الرضوي].
=959  \\$aNNU$bWEB$cGENI$t0$mElectronic access$s01
=999  \\$iNjP_502279$o(OCoLC)ocm12262321$sprinceton_aco003385:juz 1$e(ERROR-880)$sprinceton_aco003385:juz 1

