=LDR  02856nam a2200505Mi 4500
=001  480382
=003  NjP
=006  m\\\\\\\\d\\\\\\\\
=007  cr\cn\|||m|||a
=008  210212s1987\\\\ir\\\\\\o\\\\\000\0\ara\d
=040  \\$aZYU$bara$erda$cZYU
=041  1\$aara$hper
=043  \\$aa-ir---
=050  \4$aDS318.815$b.M86812 1987
=100  1\$6880-01$aMuntaẓirī, Ḥusayn ʻAlī.
=240  10$aWorks.$kSelections.$lArabic.$f1987
=245  13$6880-02$aal-Qaḍāyā al-ʻālamīyah lil-thawrah al-Islāmīyah fī aqwāl Āyat Allāh al-ʻUẓmá al-Muntaẓirī /$c[iʻdād Muṣṭafá al-Īzadī al-Najafʹābādī ; tarjamat ʻAbd al-Karīm Maḥmūd].
=250  \\$6880-03$aal-Ṭabʻah 1.
=260  \\$6880-04$aṬihrān :$bMuʻāwanīyat al-ʻAlāqāt al-Dawlīyah fī Munaẓẓamat al-Iʻlām al-Islāmī, al-Jumhūrīyah al-Islāmīyah fī Īrān,$c1987.
=300  \\$aonline resource (169 pages)
=336  \\$atext$2rdacontent
=337  \\$acomputer$2rdamedia
=338  \\$aonline resource$2rdacarrier
=500  \\$aTranslated from the Persian.
=500  \\$aPart of the Arabic Collections Online (ACO) project, contributed by Princeton University Libraries.
=533  \\$aElectronic reproduction.$bNew York, N.Y. :$cNew York University,$d2021.$5NNU
=651  \0$aIran$xPolitics and government$y1979-1997$vQuotations, maxims, etc.
=650  \0$aShīʻah$vQuotations, maxims, etc.
=650  \7$aPolitics and government$2fast$0(OCoLC)fst01919741
=650  \7$aShīʻah.$2fast$0(OCoLC)fst01117946
=651  \7$aIran.$2fast$0(OCoLC)fst01204889
=648  \7$a1979-1997$2fast
=655  \7$aQuotations.$2fast$0(OCoLC)fst01423792
=700  1\$6880-05$aĪzadī, Muṣṭafá.
=710  2\$aPrinceton University.$bLibrary.
=730  0\$aArabic Collections Online.
=776  08$iPrint version:$aMuntaẓirī, Ḥusayn ʻAlī.$tal-Qaḍāyā al-ʻālamīyah lil-thawrah al-Islāmīyah fī aqwāl Āyat Allāh al-ʻUẓmá al-Muntaẓirī$w(NjP)480382$w(OCoLC)26476476
=856  40$uhttp://hdl.handle.net/2333.1/mw6m9993 
=880  1\$6100-01$aمنتظرى، حسين على.
=880  12$6245-02$aالقضايا العالمية للثورة الاسلامية في أقوال آية الله العظمى المنتظري /$c[إعداد مصطفى الإيزدي النجف آبادي ؛ ترجمة عبد الكريم محمود].
=880  \\$6250-03$aالطبعة 1.
=880  \\$6260-04$aطهران :$bمعاونية العلاقات الدولية في منظمة الإعلام الاسلامي، الجمهورية الاسلامية في ايران،$c1987.
=880  1\$6700-05$aإيزدي، مصطفى.
=959  \\$aNNU$bWEB$cGENI$t0$mElectronic access$s01
=999  \\$iNjP_480382$o(OCoLC)ocm26476476$sprinceton_aco002342$e(ERROR-880)$sprinceton_aco002342

