=LDR  01765nam a2200421Mi 4500
=001  462339
=003  NjP
=006  m\\\\\\\\d\\\\\\\\
=007  cr\cn\|||m|||a
=008  210212s1952\\\\ua\\\\\\o\\\\\000\0\ara\d
=040  \\$aZYU$bara$erda$cZYU
=043  \\$af-ua---
=100  1\$6880-01$aMandūr, Muḥammad,$d1907-1965.
=240  10$6880-02$aMawāṭin
=245  10$6880-03$aKitāb al-mawāṭin /$c[Muḥammad Mandūr].
=246  3\$6880-04$aMawāṭin
=260  \\$a[Cairo] :$b[publisher not identified],$c[1952]
=300  \\$aonline resource (72 pages)
=336  \\$atext$2rdacontent
=337  \\$acomputer$2rdamedia
=338  \\$aonline resource$2rdacarrier
=500  \\$aStatement of responsibility from p. 72.
=500  \\$aPart of the Arabic Collections Online (ACO) project, contributed by Princeton University Libraries.
=533  \\$aElectronic reproduction.$bNew York, N.Y. :$cNew York University,$d2021.$5NNU
=651  \0$aEgypt$xPolitics and government$y1919-1952.
=650  \7$aPolitics and government$2fast$0(OCoLC)fst01919741
=651  \7$aEgypt.$2fast$0(OCoLC)fst01208755
=648  \7$a1919-1952$2fast
=710  2\$aPrinceton University.$bLibrary.
=730  0\$aArabic Collections Online.
=776  08$iPrint version:$aMandūr, Muḥammad, 1907-1965.$tKitāb al-mawāṭin$w(NjP)462339$w(OCoLC)26034120
=856  40$uhttp://hdl.handle.net/2333.1/280gbgmh 
=880  1\$6100-01$aمندور، محمد،$d1907-1965.
=880  10$6240-02$aمواطن
=880  10$6245-03$aكتاب المواطن /$c[محمد مندور].
=880  3\$6246-04$aمواطن
=959  \\$aNNU$bWEB$cGENI$t0$mElectronic access$s01
=999  \\$iNjP_462339$o(OCoLC)ocm26034120$sprinceton_aco004235:$e(ERROR-880)(ERROR-MISC)$sprinceton_aco004235:

