=LDR  02075nam a2200433Mi 4500
=001  856632
=003  NjP
=006  m\\\\\\\\d\\\\\\\\
=007  cr\cn\|||m|||a
=008  210212s1925\\\\ir\\\\\\ob\\\\000\0\ara\d
=040  \\$aZYU$bara$erda$cZYU
=100  1\$6880-01$aṬūsī, Muḥammad ibn al-Ḥasan,$d995-1067?
=240  10$6880-02$aKitāb al-Khilāf
=245  10$6880-03$aMasāʼil hāmmah min Kitāb al-Khilāf /$ctaʼlīf Abī Jaʻfar al-Ṭūsī.
=246  3\$6880-04$aKitāb al-Khilāf
=260  \\$6880-05$a[Tehran] :$bDānishgāh-i Tihrān,$c1344 [1925 or 1926]
=300  \\$aonline resource (535 pages)
=336  \\$atext$2rdacontent
=337  \\$acomputer$2rdamedia
=338  \\$aonline resource$2rdacarrier
=500  \\$aPart of the Arabic Collections Online (ACO) project, contributed by Princeton University Libraries.
=504  \\$aIncludes bibliographical references.
=533  \\$aElectronic reproduction.$bNew York, N.Y. :$cNew York University,$d2021.$5NNU
=650  \0$aIslamic law$vEarly works to 1800.
=650  \0$aShīʻah$vEarly works to 1800.
=650  \7$aIslamic law.$2fast$0(OCoLC)fst00979949
=650  \7$aShīʻah.$2fast$0(OCoLC)fst01117946
=655  \7$aEarly works.$2fast$0(OCoLC)fst01411636
=710  2\$aPrinceton University.$bLibrary.
=730  0\$aArabic Collections Online.
=776  08$iPrint version:$aṬūsī, Muḥammad ibn al-Ḥasan, 995-1067?$tMasāʼil hāmmah min Kitāb al-Khilāf$w(NjP)856632$w(OCoLC)29685485
=856  40$uhttp://hdl.handle.net/2333.1/mpg4ffsg 
=880  1\$6100-01$aطوسي، محمد بن الحسن،$d995-1067؟
=880  10$6240-02$aكتاب الخلاف
=880  10$6245-03$aمسائل هامة من كتاب الخلاف /$cتأليف ابي جعفر الطوسي.
=880  3\$6246-04$aكتاب الخلاف
=880  \\$6260-05$a[تهران] :$bدانشگاه تهران،$c1344 [1925 or 1926]
=959  \\$aNNU$bWEB$cGENI$t0$mElectronic access$s01
=999  \\$iNjP_856632$o(OCoLC)ocm29685485$sprinceton_aco004400:$e(ERROR-MISC)$sprinceton_aco004400:

