=LDR  01961nam a2200385Mi 4500
=001  461694
=003  NjP
=006  m\\\\\\\\d\\\\\\\\
=007  cr\cn\|||m|||a
=008  210212q19801987ir\\\\\\ob\\\\000\0\araod
=040  \\$aZYU$bara$erda$cZYU
=100  1\$6880-01$aMaghnīyah, Muḥammad Jawād,$d1904-1979.
=245  10$6880-02$aFiqh al-Imām Jaʻfar al-Ṣādiq :$bʻarḍ wa-istidlāl /$cMuḥammad Jawād Mughnīyah.
=260  \\$6880-03$aQum :$bIntishārāt Quds Muḥammadī,$c[198-]
=300  \\$aonline resource (6 volumes in 3)
=336  \\$atext$2rdacontent
=337  \\$acomputer$2rdamedia
=338  \\$aonline resource$2rdacarrier
=500  \\$aPart of the Arabic Collections Online (ACO) project, contributed by Princeton University Libraries.
=504  \\$aIncludes bibliographical references.
=533  \\$aElectronic reproduction.$bNew York, N.Y. :$cNew York University,$d2021.$5NNU
=600  10$aJaʻfa al-Ṣādiq,$d702?-765 or 766.
=650  \0$aIslamic law.
=650  \0$aShiites.
=650  \7$aIslamic law.$2fast$0(OCoLC)fst00979949
=650  \7$aShiites.$2fast$0(OCoLC)fst01115976
=710  2\$aPrinceton University.$bLibrary.
=730  0\$aArabic Collections Online.
=776  08$iPrint version:$aMaghnīyah, Muḥammad Jawād, 1904-1979.$tFiqh al-Imām Jaʻfar al-Ṣādiq$w(NjP)461694$w(OCoLC)16624997
=856  40$uhttp://hdl.handle.net/2333.1/6q573z5n 
=880  1\$6100-01$aمغنية، محمد جواد،$d1904-1979.
=880  10$6245-02$aفقه الامام جعفر الصادق :$bعرض واستدلال /$cمحمد جواد مغنية.
=880  \\$6260-03$aقم :$bانتشارات قدس محمدي،$c[198-]
=959  \\$aNNU$bWEB$cGENI$t0$mElectronic access$s01
=999  \\$iNjP_461694$o(OCoLC)ocm16624997$sprinceton_aco004442:juz 5-6$sprinceton_aco004443:juz 3-4$sprinceton_aco004453:juz 1-2$e(ERROR-MISC)$sprinceton_aco004442:juz 5-6$sprinceton_aco004443:juz 3-4$sprinceton_aco004453:juz 1-2

