=LDR  02654nam a2200385Mi 4500
=001  862528
=003  NjP
=006  m\\\\\\\\d\\\\\\\\
=007  cr\cn\|||m|||a
=008  210212s1970\\\\ir\\\\\\o\\\\\001\0\ara\d
=040  \\$aZYU$bara$erda$cZYU
=100  1\$6880-01$aBaḥrānī, Maytham ibn ʻAlī,$d-1280?
=245  10$6880-02$aSharḥ al-ʻĀlim al-Rabbānī ʻalā al-miʼat kalimah li-Amīr al-Muʼminīn ʻAlī ibn Abī Ṭālib /$cKamāl al-Dīn Maytham ibn ʻAlī ibn Maytham al-Baḥrānī ; ʻuniya bi-ṭabʻih wa-nashrih wa-taṣḥīḥih wa-al-taʻlīq ʻalayh Mīr Jalāl al-Dīn al-Ḥusaynī al-Urmawī.
=260  \\$6880-03$aQum :$bJamāʻat al-Mudarrisīn fi-al-Ḥawzah al-ʻIlmīyah,$c1390 [1970]
=300  \\$aonline resource (272, 67, 58 pages)
=336  \\$atext$2rdacontent
=337  \\$acomputer$2rdamedia
=338  \\$aonline resource$2rdacarrier
=500  \\$aOn cover "Wa-yalīh sharḥān ʻalá tilk al-kalimāt bi-ʻaynihā, al-awwal sharḥ ʻAbd al-Wahhāb, al-thānī sharḥ al-Rashīd al-Waṭwāṭ.
=500  \\$aPart of the Arabic Collections Online (ACO) project, contributed by Princeton University Libraries.
=533  \\$aElectronic reproduction.$bNew York, N.Y. :$cNew York University,$d2021.$5NNU
=600  00$aʻAlī ibn Abī Ṭālib,$cCaliph,$dapproximately 600-661.$tMiʼat kalimah.
=700  0\$6880-04$aʻAbd al-Wahhāb.
=700  1\$6880-05$aḤusaynī al-Urmawī, Mīr Jalāl al-Dīn.
=710  2\$aPrinceton University.$bLibrary.
=730  0\$aArabic Collections Online.
=776  08$iPrint version:$aBaḥrānī, Maytham ibn ʻAlī, -1280?$tSharḥ al-ʻĀlim al-Rabbānī ʻalā al-miʼat kalimah li-Amīr al-Muʼminīn ʻAlī ibn Abī Ṭālib$w(NjP)862528$w(OCoLC)29835002
=856  40$uhttp://hdl.handle.net/2333.1/cc2fr878 
=880  1\$6100-01$aبحراني، ميثم بن علي،$d-1280?
=880  10$6245-02$aشرح العالم الرباني على المائة كلمة لامير المؤمنين علي بن ابي طالب /$cكمال الدين ميثم بن علي بن ميثم البحراني ؛ عني بطبعه ونشره وتصحيحه والتعليق عليه مير جلال الدين الحسيني الارموي.
=880  \\$6260-03$aقم :$bجماعة المدرسين في الحوزة العلمية،$c1390 [1970]
=880  0\$6700-04$aعبد الوهاب.
=880  1\$6700-05$aحسيني الارموي، مير جلال الدين.
=959  \\$aNNU$bWEB$cGENI$t0$mElectronic access$s01
=999  \\$iNjP_862528$o(OCoLC)ocm29835002$sprinceton_aco004207:$e(ERROR-MISC)$sprinceton_aco004207:

