=LDR  01841nam a2200373Mi 4500
=001  461112
=003  NjP
=006  m\\\\\\\\d\\\\\\\\
=007  cr\cn\|||m|||a
=008  210212q19801988ir\\\\\\o\\\\\000\0\ara\d
=040  \\$aZYU$bara$erda$cZYU
=100  1\$6880-01$aSharīf, Muḥammad Bāqir.
=245  13$6880-02$aal-Jāmiʻ al-shawāhid /$cli-muʼallifihi Muḥammad Bāqir al-Sharīf.
=260  \\$6880-03$aIṣfahān :$bMaṭbaʻat al-Muḥammadīyah,$c[198-?]
=300  \\$aonline resource (3 volumes)
=336  \\$atext$2rdacontent
=337  \\$acomputer$2rdamedia
=338  \\$aonline resource$2rdacarrier
=500  \\$aPart of the Arabic Collections Online (ACO) project, contributed by Princeton University Libraries.
=533  \\$aElectronic reproduction.$bNew York, N.Y. :$cNew York University,$d2021.$5NNU
=650  \0$aArabic poetry$xHistory and criticism.
=650  \0$aArabic language$xVersification.
=650  \7$aArabic language$xVersification.$2fast$0(OCoLC)fst00812458
=650  \7$aArabic poetry.$2fast$0(OCoLC)fst00812533
=655  \7$aCriticism, interpretation, etc.$2fast$0(OCoLC)fst01411635
=710  2\$aPrinceton University.$bLibrary.
=730  0\$aArabic Collections Online.
=776  08$iPrint version:$aSharīf, Muḥammad Bāqir.$tal-Jāmiʻ al-shawāhid$w(NjP)461112$w(OCoLC)29058038
=856  40$uhttp://hdl.handle.net/2333.1/931zd2k2 
=880  0\$6100-01$aمحمد باقر الشريف.
=880  12$6245-02$aالجامع الشواهد /$cلمؤلفه محمد باقر الشريف.
=880  \\$6260-03$aاصبهان :$bمطبعة المحمدية،$c[198-?]
=959  \\$aNNU$bWEB$cGENI$t0$mElectronic access$s01
=999  \\$iNjP_461112$o(OCoLC)ocm29058038$sprinceton_aco002857:juz 1$sprinceton_aco002856:juz 2$e(ERROR-MISC)$sprinceton_aco002857:juz 1$sprinceton_aco002856:juz 2

