=LDR  01755nam a2200325Mi 4500
=001  2787275
=003  NjP
=006  m\\\\\\\\d\\\\\\\\
=007  cr\cn\|||m|||a
=008  210212s1960\\\\sy\a\\\\o\\\\\000\0\ara\d
=040  \\$aZYU$bara$erda$cZYU
=100  1\$6880-01$aSubḥ, Ḥusnī,$d1900-
=245  10$6880-02$aMūjaz mabādī ʻilm al-amrāḍ :$bli-ṭullāb ṭibb al-isnān wa-ṭalibāt farʻī al-qibālah wa-al-tamrīḍ fī al-maʻhad al-ṭibbī al-ʻarabī /$ctaʼlīf Ḥusnī Sabbaḥ.
=260  \\$6880-03$aDimashq :$bMaṭbaʻat Jāmiʻat Dimashq,$c1960.
=300  \\$aonline resource (405 pages) :$billustrations
=336  \\$atext$2rdacontent
=337  \\$acomputer$2rdamedia
=338  \\$aonline resource$2rdacarrier
=500  \\$aPart of the Arabic Collections Online (ACO) project, contributed by Princeton University Libraries.
=533  \\$aElectronic reproduction.$bNew York, N.Y. :$cNew York University,$d2021.$5NNU
=546  \\$aIn Arabic.
=710  2\$aPrinceton University.$bLibrary.
=730  0\$aArabic Collections Online.
=776  08$iPrint version:$aSubḥ, Ḥusnī, 1900-$tMūjaz mabādī ʻilm al-amrāḍ$w(NjP)2787275$w(OCoLC)42847054
=856  40$uhttp://hdl.handle.net/2333.1/hqbzkt3g 
=880  1\$6100-01$aسبح، حسني،$d1900-
=880  10$6245-02$aموجز مبادي علم الامراض :$bلطلاب طب الاسنان وطلات فرعي القبالة والتمريض في المعهد الطبي العربي /$cتأليف حسني سبح.
=880  \\$6260-03$aدمشق :$bمطبعة جامعة دمشق،$c1960.
=959  \\$aNNU$bWEB$cGENI$t0$mElectronic access$s01
=999  \\$iNjP_2787275$o(OCoLC)ocm42847054$sprinceton_aco004600:$e(ERROR-MISC)$sprinceton_aco004600:

