=LDR  03094nam a2200481Mi 4500
=001  812194
=003  NjP
=006  m\\\\\\\\d\\\\\\\\
=007  cr\cn\|||m|||a
=008  210212s198u\\\\ir\a\\\\ob\\\\001\0\ara\d
=040  \\$aZYU$bara$erda$cZYU
=100  1\$6880-01$aSharaf al-Dīn, ʻAbd al-Ḥusayn.
=245  13$6880-02$aal-Murājaʻāt :$babḥāth jadīdah fī uṣūl al-madhhab wa-al-imāmah al-ʻāmmah : wa-hiya rasāʼil mutabādalah bayna al-ustādh al-akbar al-Shaykh Salīm al-Bishrī Shaykh al-Jāmiʻ al-Azhar wa-bayna al-Imām Sharaf al-Dīn al-ʻĀmilī /$cʻAbd al-Ḥusayn Sharaf al-Dīn ; qaddama la-hu Ḥāmid Ḥifnī Dāwūd wa-Muḥammad Fikrī ʻUthmān Abū al-Naṣr ; taḥqīq Huṣayn al-Rāḍī.
=260  \\$6880-03$aal-Jumhūrīyah al-Islāmīyah fī Īrān :$bal-Majmaʻ al-ʻĀlamī li-Ahl al-Bayt,$c[198-?]
=300  \\$aonline resource (16, 471 pages) :$billustrations
=336  \\$atext$2rdacontent
=337  \\$acomputer$2rdamedia
=338  \\$aonline resource$2rdacarrier
=500  \\$aPart of the Arabic Collections Online (ACO) project, contributed by Princeton University Libraries.
=504  \\$aIncludes bibliographical references and index.
=533  \\$aElectronic reproduction.$bNew York, N.Y. :$cNew York University,$d2021.$5NNU
=650  \0$aShīʻah.
=600  10$aSharaf al-Dīn, ʻAbd al-Ḥusayn$vCorrespondence.
=600  10$aBishrī, Salīm$vCorrespondence.
=650  \0$aShiites$vCorrespondence.
=600  17$aBishrī, Salīm.$2fast$0(OCoLC)fst00188216
=600  17$aSharaf al-Dīn, ʻAbd al-Ḥusayn.$2fast$0(OCoLC)fst00049929
=650  \7$aShīʻah.$2fast$0(OCoLC)fst01117946
=650  \7$aShiites.$2fast$0(OCoLC)fst01115976
=655  \7$aPersonal correspondence.$2fast$0(OCoLC)fst01919948
=700  1\$6880-04$aRāḍī, Ḥusayn.
=700  1\$6880-05$aBishrī, Salīm.
=710  2\$aPrinceton University.$bLibrary.
=730  0\$aArabic Collections Online.
=776  08$iPrint version:$aSharaf al-Dīn, ʻAbd al-Ḥusayn.$tal-Murājaʻāt$w(NjP)812194$w(OCoLC)28263867
=856  40$uhttp://hdl.handle.net/2333.1/ht76hqvp 
=880  1\$6100-01$aشرف الدين، عبد الحسين.
=880  12$6245-02$aالمراجعات :$bابحاث جديدة في اصول المذهب والامامة العامة : وهي رسائل متبادلة بين الاستاذ الاكبر الشيخ سليم البشري شيخ الجامع الازهر وبين الامام شرف الدين العاملي /$cعبد الحسين شرف الدين ؛ قدم له حامد حفني داوود ومحمد فكري عثمان ابو النصر ؛ تحقيق هصين الراضي.
=880  \\$6260-03$aالجمهورية الاسلامية في ايران :$bالمجمع العالمي لأهل البيت،$c[198-?]
=880  1\$6700-04$aراضي، حسين.
=880  1\$6700-05$aبشري، سليم.
=959  \\$aNNU$bWEB$cGENI$t0$mElectronic access$s01
=999  \\$iNjP_812194$o(OCoLC)ocm28263867$sprinceton_aco003608:$e(ERROR-MISC)$sprinceton_aco003608:

