=LDR  02249nam a2200421Mi 4500
=001  415706
=003  NjP
=006  m\\\\\\\\d\\\\\\\\
=007  cr\cn\|||m|||a
=008  210212m19129999ua\ac\\\o\\\\\000\0\ara\d
=040  \\$aZYU$bara$erda$cZYU
=041  1\$aara$heng
=100  1\$6880-01$aTreves, Sir Frederick,$cSir,$d1853-1923.
=240  10$aSurgical applied anatomy.$lArabic
=245  13$6880-02$aal-Tashrīḥ al-jirāḥī /$ctaʼlīf Fridirīk Trīfus wa-Arthur Kīth ; taʻrīb Muḥammad ʻAbd al-Ḥamīd.
=250  \\$6880-03$aal-Ṭabʻah 6.
=260  \\$6880-04$a[Cairo] :$bMaṭbaʻat al-Maʻārif,$c1912-
=300  \\$aonline resource (volumes) :$billustrations (some color)
=336  \\$atext$2rdacontent
=337  \\$acomputer$2rdamedia
=338  \\$aonline resource$2rdacarrier
=500  \\$aPart of the Arabic Collections Online (ACO) project, contributed by Princeton University Libraries.
=533  \\$aElectronic reproduction.$bNew York, N.Y. :$cNew York University,$d2021.$5NNU
=650  \0$aAnatomy, Surgical and topographical.
=650  \7$aAnatomy, Surgical and topographical.$2fast$0(OCoLC)fst00808462
=700  1\$6880-05$aKeith, Arthur,$cSir,$d1866-1955.
=710  2\$aPrinceton University.$bLibrary.
=730  0\$aArabic Collections Online.
=776  08$iOnline version:$aTreves, Sir Frederick, Sir, 1853-1923.$sSurgical applied anatomy. Arabic.$tTashrīḥ al-jirāḥī.$bal-Ṭabʻah 6.$d[Cairo] : Maṭbaʻat al-Maʻārif, 1912-$w(OCoLC)780169059
=776  08$iPrint version:$aTreves, Sir Frederick, Sir, 1853-1923.$tal-Tashrīḥ al-jirāḥī$w(NjP)415706$w(OCoLC)81680185
=856  40$uhttp://hdl.handle.net/2333.1/qz612vr7 
=880  1\$6100-01$aتريفس،  فردريك،$d،$d1853-1923.
=880  12$6245-02$aالتشريح الجراحي /$cتأليف فردريك تريفس ورثر كيث ؛ تعريب محمد عبد الحميد.
=880  \\$6250-03$aالطبعة 6.
=880  \\$6260-04$a[القاهرة] :$bمطبعة المعارف،$c1912
=880  1\$6700-05$aكيث، ارثر،$d1866-1955.
=959  \\$aNNU$bWEB$cGENI$t0$mElectronic access$s01
=999  \\$iNjP_415706$o(OCoLC)ocm81680185$sprinceton_aco004273:$e(ERROR-880)(ERROR-MISC)$sprinceton_aco004273:

