=LDR  02002nam a2200397Mi 4500
=001  857278
=003  NjP
=006  m\\\\\\\\d\\\\\\\\
=007  cr\cn\|||m|||a
=008  210212s1925\\\\sy\\\\\\o\\\\\000\0\ara\d
=040  \\$aZYU$bara$erda$cZYU
=084  \\$aPK4793
=100  1\$6880-01$aʻIrāqī, ʻAbd al-Raḥīm ibn al-Ḥusayn,$d1325-1404.
=240  10$6880-02$aQurab fī faḍl al-ʻArab
=245  10$6880-03$aKitāb al-qurab fī faḍl al-ʻArab /$cli-Zayn al-Dīn ʻAbd al-Raḥīm ibn al-Ḥusayn al-ʻIrāqī.
=246  3\$6880-04$aQurab fī faḍl al-ʻArab
=260  \\$6880-05$aḤalab :$bal-Maṭbaʻah al-ʻIlmīyah,$c1344 [1925 or 1926]
=300  \\$aonline resource (17 pages)
=336  \\$atext$2rdacontent
=337  \\$acomputer$2rdamedia
=338  \\$aonline resource$2rdacarrier
=500  \\$aPart of the Arabic Collections Online (ACO) project, contributed by Princeton University Libraries.
=533  \\$aElectronic reproduction.$bNew York, N.Y. :$cNew York University,$d2021.$5NNU
=650  \0$aCivilization, Arab.
=650  \7$aCivilization, Arab.$2fast$0(OCoLC)fst00862967
=710  2\$aPrinceton University.$bLibrary.
=730  0\$aArabic Collections Online.
=776  08$iPrint version:$aʻIrāqī, ʻAbd al-Raḥīm ibn al-Ḥusayn, 1325-1404.$tKitāb al-qurab fī faḍl al-ʻArab$w(NjP)857278$w(OCoLC)29685377
=856  40$uhttp://hdl.handle.net/2333.1/2jm647sj 
=880  1\$6100-01$aعراقي، عبد الرحيم بن الحسين،$d1325-1404.
=880  10$6240-02$aالقرب في فضل العرب
=880  10$6245-03$aکتاب القرب فى فضل العرب /$cزىن الدىن عبد الرحىم بن الحسىن العراقى.
=880  3\$6246-04$aقرب فى فضل العرب
=880  \\$6260-05$aحلب :$bالمطبعة العلمية،$c1344 [1925 or 1926]
=959  \\$aNNU$bWEB$cGENI$t0$mElectronic access$s01
=999  \\$iNjP_857278$o(OCoLC)ocm29685377$sprinceton_aco004412:$e(ERROR-MISC)$sprinceton_aco004412:

