=LDR  01763nam a2200349Mi 4500
=001  1656164
=003  NjP
=006  m\\\\\\\\d\\\\\\\\
=007  cr\cn\|||m|||a
=008  210212s1961\\\\iq\\\\\\o\\\\\000\0\ara\d
=040  \\$aZYU$bara$erda$cZYU
=100  1\$6880-01$aQazwīnī, Muḥammad al-Kāẓimī,$d1916 or 1917-
=245  13$6880-02$aal-Islām wa-wāqiʻ al-Muslim al-muʻāṣir /$cMuḥammad al-Kāẓimī al-Qazwīnī.
=260  \\$6880-03$aal-Najaf :$bMaṭbaʻat al-Gharī al-Ḥadithah,$c1381 [1961 or 1962]
=300  \\$aonline resource (120 pages)
=336  \\$atext$2rdacontent
=337  \\$acomputer$2rdamedia
=338  \\$aonline resource$2rdacarrier
=500  \\$aPart of the Arabic Collections Online (ACO) project, contributed by Princeton University Libraries.
=533  \\$aElectronic reproduction.$bNew York, N.Y. :$cNew York University,$d2021.$5NNU
=650  \0$aIslam$y20th century.
=650  \7$aIslam.$2fast$0(OCoLC)fst00979776
=648  \7$a1900-1999$2fast
=710  2\$aPrinceton University.$bLibrary.
=730  0\$aArabic Collections Online.
=776  08$iPrint version:$aQazwīnī, Muḥammad al-Kāẓimī, 1916 or 1917-$tal-Islām wa-wāqiʻ al-Muslim al-muʻāṣir$w(NjP)1656164$w(OCoLC)702671643
=856  40$uhttp://hdl.handle.net/2333.1/v6wwq8kx 
=880  1\$6100-01$aقزويني، محمد الكاظمي،$d1916 or 1917-
=880  12$6245-02$aالاسلام وواقع المسلم المعاصر /$cمحمد الكاظمي القزويني.
=880  \\$6260-03$aالنجف :$bمطبعة الغري الحدثة،$c1381 [1961 or 1962]
=959  \\$aNNU$bWEB$cGENI$t0$mElectronic access$s01
=999  \\$iNjP_1656164$o(OCoLC)ocn702671643$sprinceton_aco004625:$e(ERROR-MISC)$sprinceton_aco004625:

