=LDR  01904nam a2200349Mi 4500
=001  2788179
=003  NjP
=006  m\\\\\\\\d\\\\\\\\
=007  cr\cn\|||m|||a
=008  210212s1955\\\\ua\\\\\\o\\\\\000\0\ara\d
=040  \\$aZYU$bara$erda$cZYU
=110  2\$6880-01$aLeague of Arab States.$bal-Idārah al-Iqtiṣādīyah.
=245  10$6880-02$aMuʼtamar wuzarāʼ al-māl wa-al-iqtiṣād al-ʻarabī, Bayrūt, 25-31 māyū (ayār) 1953.
=246  30$6880-03$aMuʼtamar wuzarāʼ al-māl wa-al-iqtiṣād al-ʻarabī
=260  \\$6880-04$aMiṣr :$bMaṭbaʻat Jarīdat al-Ṣabāḥ,$c1955.
=300  \\$aonline resource (454 pages)
=336  \\$atext$2rdacontent
=337  \\$acomputer$2rdamedia
=338  \\$aonline resource$2rdacarrier
=500  \\$aPart of the Arabic Collections Online (ACO) project, contributed by Princeton University Libraries.
=533  \\$aElectronic reproduction.$bNew York, N.Y. :$cNew York University,$d2021.$5NNU
=546  \\$aIn Arabic.
=710  2\$aPrinceton University.$bLibrary.
=730  0\$aArabic Collections Online.
=776  08$iPrint version:$aLeague of Arab States. al-Idārah al-Iqtiṣādīyah.$tMuʼtamar wuzarāʼ al-māl wa-al-iqtiṣād al-ʻarabī, Bayrūt, 25-31 māyū (ayār) 1953$w(NjP)2788179$w(OCoLC)42866663
=856  40$uhttp://hdl.handle.net/2333.1/xwdbs55j 
=880  2\$6110-01$aجامعة الدول العربية.$bالادارة الاقتصادية.
=880  10$6245-02$aمؤتمر وزراء المال والاقتصاد العربي، بيروت، 25-31 مايو (يار) 1953.
=880  30$6246-03$aمؤتمر وزراء المال والاقتصاد العربي
=880  \\$6260-04$aمصر :$bمطبعة جريدة الصباح،$c1955.
=959  \\$aNNU$bWEB$cGENI$t0$mElectronic access$s01
=999  \\$iNjP_2788179$o(OCoLC)ocm42866663$sprinceton_aco004641:$e(ERROR-MISC)$sprinceton_aco004641:

