=LDR  01697nam a2200373Mi 4500
=001  3264073
=003  NjP
=006  m\\\\\\\\d\\\\\\\\
=007  cr\cn\|||m|||a
=008  210212q19uuuuuuua\\\\\\ob\\\\000\0\ara\d
=040  \\$aZYU$bara$erda$cZYU
=100  1\$6880-01$aQaṣṣāṣ, Muḥammad Muḥammad.
=245  13$6880-02$aal-Shiʻr fī al-ādāb al-Sāmiyah.
=260  \\$6880-03$aal-Qāhirah :$bMaktabat al-Anjlū al-Miṣrīyah,$c[19--]
=300  \\$aonline resource (volumes)
=336  \\$atext$2rdacontent
=337  \\$acomputer$2rdamedia
=338  \\$aonline resource$2rdacarrier
=500  \\$aPart of the Arabic Collections Online (ACO) project, contributed by Princeton University Libraries.
=505  0\$aKitāb 1, qism 1. al-Shiʻr al-ʻIbrī.
=504  \\$aIncludes bibliographical references.
=533  \\$aElectronic reproduction.$bNew York, N.Y. :$cNew York University,$d2021.$5NNU
=650  \0$aJewish poetry.
=650  \7$aJewish poetry.$2fast$0(OCoLC)fst00982894
=710  2\$aPrinceton University.$bLibrary.
=730  0\$aArabic Collections Online.
=752  \\$aEgypt$dCairo.
=776  08$iPrint version:$aQaṣṣāṣ, Muḥammad Muḥammad.$tal-Shiʻr fī al-ādāb al-Sāmiyah$w(NjP)3264073$w(OCoLC)40819463
=856  40$uhttp://hdl.handle.net/2333.1/v9s4n6ck 
=880  1\$6100-01$aقصاص، محمد محمد.
=880  12$6245-02$aالشعر في الاداب السامية.
=880  \\$6260-03$aالقاهرة :$bمكتبة الانجلوا المصرية،$c[19--]
=959  \\$aNNU$bWEB$cGENI$t0$mElectronic access$s01
=999  \\$iNjP_3264073$o(OCoLC)ocm40819463$sprinceton_aco002871:kitab 1$e(ERROR-MISC)$sprinceton_aco002871:kitab 1

