=LDR  02106nam a2200433Mi 4500
=001  777898
=003  NjP
=006  m\\\\\\\\d\\\\\\\\
=007  cr\cn\|||m|||a
=008  210212s1939\\\\le\\\\\\ob\\\\000\0\ara\d
=040  \\$aZYU$bara$erda$cZYU
=100  1\$6880-01$aIddih, Khalīl.
=245  10$6880-02$aHal yajūzu lil-Muslim an yaʻtabira al-masīḥī mushrikan aw kāfiran /$cbi-qalam Khalīl Iddih.
=260  \\$6880-03$aBayrūt :$bMaṭbaʻah al-Kāthūlīkīyah,$c1939.
=300  \\$aonline resource (69 pages)
=336  \\$atext$2rdacontent
=337  \\$acomputer$2rdamedia
=338  \\$aonline resource$2rdacarrier
=490  1\$6880-04$aal-Masīḥīyah wa-al-Islām ;$v1
=500  \\$aTitle cover.
=500  \\$aPart of the Arabic Collections Online (ACO) project, contributed by Princeton University Libraries.
=533  \\$aElectronic reproduction.$bNew York, N.Y. :$cNew York University,$d2021.$5NNU
=650  \0$aIslam$xRelations$xChristianity.
=650  \0$aChristianity and other religions$xIslam.
=650  \7$aChristianity.$2fast$0(OCoLC)fst00859599
=650  \7$aInterfaith relations.$2fast$0(OCoLC)fst01353343
=650  \7$aIslam.$2fast$0(OCoLC)fst00979776
=710  2\$aPrinceton University.$bLibrary.
=730  0\$aArabic Collections Online.
=776  08$iPrint version:$aIddih, Khalīl.$tHal yajūzu lil-Muslim an yaʻtabira al-masīḥī mushrikan aw kāfiran$w(NjP)777898$w(OCoLC)27325577
=830  \0$6880-05$aMasīḥīyah wa-al-Islām ;$v1.
=856  40$uhttp://hdl.handle.net/2333.1/63xsjdtd 
=880  1\$6100-01$aخليل اده.
=880  10$6245-02$aهل يجوز للمسلم ان يعتبر المسيحي مشركا او كافرا /$cبقلم خليل اده.
=880  \\$6260-03$aبيروت :$bمطبعة الكاثوليكية،$c١٩٣٩.
=880  1\$6490-04$aالمسيحية والاسلام ؛$v١
=880  \0$6830-05$aالمسيحية والاسلام ؛$v١.
=959  \\$aNNU$bWEB$cGENI$t0$mElectronic access$s01
=999  \\$iNjP_777898$o(OCoLC)ocm27325577$sprinceton_aco003853:$e(ERROR-MISC)$sprinceton_aco003853:

