=LDR  01794nam a2200349Mi 4500
=001  2787701
=003  NjP
=006  m\\\\\\\\d\\\\\\\\
=007  cr\cn\|||m|||a
=008  210212s1932\\\\sy\\\\\\o\\\\\000\0\ara\d
=040  \\$aZYU$bara$erda$cZYU
=100  1\$6880-01$aal-Dahhān, ʻAbd al-Qādir.
=245  10$6880-02$aRisālat al-sulūk al-khādimah li-jamīʻ al-ṭuruq /$cJamʻ ʻAbd al-Qādir al-Dahhān wa-Muḥammad Rajab al-Ṭāʼī.
=260  \\$6880-03$aḤalab :$bal-Maṭbaʻah al-ʻIlmīyah,$c1351 [1932/1933]
=300  \\$aonline resource (48 pages)
=336  \\$atext$2rdacontent
=337  \\$acomputer$2rdamedia
=338  \\$aonline resource$2rdacarrier
=500  \\$aPart of the Arabic Collections Online (ACO) project, contributed by Princeton University Libraries.
=533  \\$aElectronic reproduction.$bNew York, N.Y. :$cNew York University,$d2021.$5NNU
=546  \\$aIn Arabic.
=700  1\$6880-04$aal-Ṭāʼī, Muḥummad Rajab,$eauthor.
=710  2\$aPrinceton University.$bLibrary.
=730  0\$aArabic Collections Online.
=776  08$iPrint version:$aal-Dahhān, ʻAbd al-Qādir.$tRisālat al-sulūk al-khādimah li-jamīʻ al-ṭuruq$w(NjP)2787701$w(OCoLC)42857466
=856  40$uhttp://hdl.handle.net/2333.1/z612jxbh 
=880  1\$6100-01$aالدهان، عبد القادر.
=880  10$6245-02$aرسالة السلوك الخادمة لجميع الطرق /$cجمع عبد القادر الدهان ومحمد رجب الطائي.
=880  \\$6260-03$aحلب :$bالمطبعة العلمية،$c1351 [1932/1933]
=880  1\$6700-04$aالطائي، محمد رجب.
=959  \\$aNNU$bWEB$cGENI$t0$mElectronic access$s01
=999  \\$iNjP_2787701$o(OCoLC)ocm42857466$sprinceton_aco004472:$e(ERROR-880)(ERROR-MISC)$sprinceton_aco004472:

