=LDR  01630nam a2200349Mi 4500
=001  2788149
=003  NjP
=006  m\\\\\\\\d\\\\\\\\
=007  cr\cn\|||m|||a
=008  210212s1952\\\\ua\\\\\\ob\\\\000\0\ara\d
=040  \\$aZYU$bara$erda$cZYU
=100  1\$6880-01$aQūṣī, ʻAbd al-ʻAzīz,$d1906-
=245  10$6880-02$aUsus al-ṣiḥḥah al-nafsīyah /$cʻAbd al-ʻAzīz al-Qūṣī.
=260  \\$6880-03$aal-Qāhirah :$bMaktabat al-Nahḍah al-Miṣrīyah,$c1952.
=300  \\$aonline resource (505 pages)
=336  \\$atext$2rdacontent
=337  \\$acomputer$2rdamedia
=338  \\$aonline resource$2rdacarrier
=500  \\$aPart of the Arabic Collections Online (ACO) project, contributed by Princeton University Libraries.
=533  \\$aElectronic reproduction.$bNew York, N.Y. :$cNew York University,$d2021.$5NNU
=546  \\$aTitle-page and text in Arabic.
=504  \\$aBibliography at end of each chapter.
=500  \\$a4th ed.
=710  2\$aPrinceton University.$bLibrary.
=730  0\$aArabic Collections Online.
=776  08$iPrint version:$aQūṣī, ʻAbd al-ʻAzīz, 1906-$tUsus al-ṣiḥḥah al-nafsīyah$w(NjP)2788149$w(OCoLC)42866588
=856  40$uhttp://hdl.handle.net/2333.1/3tx9676q 
=880  1\$6100-01$aقوصي، عبد العزيز،$d1906-
=880  10$6245-02$aأسس الصحة النفسية /$cعبد العزيز القوصي.
=880  \\$6260-03$aالقاهرة :$bمكتبة النهضة المصرية،$c1952.
=959  \\$aNNU$bWEB$cGENI$t0$mElectronic access$s01
=999  \\$iNjP_2788149$o(OCoLC)ocm42866588$sprinceton_aco002560$e(ERROR-MISC)$sprinceton_aco002560

