=LDR  02024nam a2200409Mi 4500
=001  1464970
=003  NjP
=006  m\\\\\\\\d\\\\\\\\
=007  cr\cn\|||m|||a
=008  210212s1956\\\\iq\ab\\\ob\\\\001\0\ara\\
=040  \\$aZYU$bara$erda$cZYU
=043  \\$aa-iq---
=050  00$aDS70.8.B4$bJ36 1956
=100  1\$6880-01$aJamīl, Makkī.
=245  13$6880-02$aal-Badw wa-al-qabāʼil al-raḥḥālah fī al-ʻIrāq /$ctaʼlīf Makkī al-Jamīl ; ashrafa ʻalá ṭabʻihi Jihād al-ʻAbāyijī.
=246  1\$iTitle on p. [4] of cover:$aBedouins and wandering tribes of Iraq
=260  \\$6880-03$aBaghdād :$bMaṭbaʻat al-Rābiṭah,$c1956.
=300  \\$aonline resource (327 pages) :$billustrations, maps
=336  \\$atext$2rdacontent
=337  \\$acomputer$2rdamedia
=338  \\$aonline resource$2rdacarrier
=500  \\$aPart of the Arabic Collections Online (ACO) project, contributed by Princeton University Libraries.
=504  \\$aIncludes bibliographical references (pages 322-323) and indexes.
=520  \\$aBedouins; Iraq.
=533  \\$aElectronic reproduction.$bNew York, N.Y. :$cNew York University,$d2021.$5NNU
=650  \0$aBedouins$zIraq.
=650  \7$aBedouins.$2fast$0(OCoLC)fst00829496
=651  \7$aIraq.$2fast$0(OCoLC)fst01205757
=710  2\$aPrinceton University.$bLibrary.
=730  0\$aArabic Collections Online.
=776  08$iPrint version:$aJamīl, Makkī.$tal-Badw wa-al-qabāʼil al-raḥḥālah fī al-ʻIrāq$w(NjP)1464970$w(DLC)   90965296 $w(OCoLC)39497791
=856  40$uhttp://hdl.handle.net/2333.1/x95x6mtb 
=880  1\$6100-01$aجميل، مكى.
=880  12$6245-02$aالبدو والقبائل الرحالة في العراق /$cتأليف مكى الجميل ؛ اشرف على طبعه جهاد العبايجي.
=880  \\$6260-03$aبغداد :$bمطبعة الرابطة،$c1956.
=959  \\$aNNU$bWEB$cGENI$t0$mElectronic access$s01
=999  \\$iNjP_1464970$o(OCoLC)ocm39497791$sprinceton_aco002170$e(ERROR-880)$sprinceton_aco002170

