=LDR  02470nam a2200445Mi 4500
=001  501098
=003  NjP
=006  m\\\\\\\\d\\\\\\\\
=007  cr\cn\|||m|||a
=008  210212s1987\\\\ir\\\\\\o\\\\\000\0\ara\d
=040  \\$aZYU$bara$erda$cZYU
=050  \4$aBP194.3$b.K86 1987
=100  0\$6880-01$aKumail,$dactive 7th century.
=240  10$6880-02$aDuʻā Kumayl
=245  10$6880-03$aDuʻāʼ Kumayl wa-Duʻāʼ al-Imām Zayn al-ʻĀbidīn (ʻa) li-ahl al-thughūr.
=246  3\$6880-04$aDuʻāʼ al-Imām Zayn al-ʻĀbidīn
=250  \\$6880-05$aal-Ṭabʻah 1.
=260  \\$6880-06$aṬihrān, al-Jumhūrīyah al-Islāmīyah fī Īrān :$bMuʻāwanīyat al-ʻAlāqāt al-Dawlīyah fī Munaẓẓamat al-Iʻlām al-Islāmī,$c1987.
=300  \\$aonline resource (47 pages)
=336  \\$atext$2rdacontent
=337  \\$acomputer$2rdamedia
=338  \\$aonline resource$2rdacarrier
=500  \\$aPart of the Arabic Collections Online (ACO) project, contributed by Princeton University Libraries.
=533  \\$aElectronic reproduction.$bNew York, N.Y. :$cNew York University,$d2021.$5NNU
=650  \0$aShīʻah$xPrayers and devotions$xArabic$vEarly works to 1800.
=655  \7$aEarly works.$2fast$0(OCoLC)fst01411636
=700  0\$6880-07$aZayn al-ʻĀbidīn ʻAlī ibn al-Ḥusayn,$d-710?$tDuʻāʼ al-Imām Zayn al-ʻĀbidīn.
=710  2\$aPrinceton University.$bLibrary.
=730  0\$aArabic Collections Online.
=776  08$iPrint version:$aKumail, active 7th century.$tDuʻāʼ Kumayl wa-Duʻāʼ al-Imām Zayn al-ʻĀbidīn (ʻa) li-ahl al-thughūr$w(NjP)501098$w(OCoLC)26601069
=856  40$uhttp://hdl.handle.net/2333.1/fxpnw73n 
=880  0\$6100-01$aكميل.
=880  10$6240-02$aدعاى كميل
=880  10$6245-03$aدعاء كميل ودعاء الإمام زين العابدين (ع‌) لأهل الثغور.
=880  3\$6246-04$aدعاء الامام زين العابدين
=880  \\$6250-05$aالطبعة 1.
=880  \\$6260-06$aطهران، الجمهورية الإسلامية في ايران :$bمعاونية العلاقات الدولية في منظمة الإعلام الاسلامي،$c1987.
=880  0\$6700-07$aزين العابدين علي بن الحسين.$tدعاء الامام زين العابدين.
=959  \\$aNNU$bWEB$cGENI$t0$mElectronic access$s01
=999  \\$iNjP_501098$o(OCoLC)ocm26601069$sprinceton_aco004474:$e(ERROR-880)$sprinceton_aco004474:

