=LDR  01768nam a2200349Mi 4500
=001  2786425
=003  NjP
=006  m\\\\\\\\d\\\\\\\\
=007  cr\cn\|||m|||a
=008  210212s1881\\\\tu\\\\\\o\\\\\000\0\ara\d
=040  \\$aZYU$bara$erda$cZYU
=041  1\$aara$htur
=100  0\$6880-01$aAhmet Cevdet Paşa,$d1822-1895.
=245  10$6880-02$aTaqwīm al-adwār /$cTarjamahā min al-lughah al-Turkīyah ilā al-ʻArabīyah Ilyās Maṭar.
=260  \\$6880-03$a[Istanbul] :$bMaṭbaʻat Maḥmūd Bik,$c1881.
=300  \\$aonline resource (52 pages)
=336  \\$atext$2rdacontent
=337  \\$acomputer$2rdamedia
=338  \\$aonline resource$2rdacarrier
=500  \\$aArabic translation of Takvim ül-edvar.
=500  \\$aPart of the Arabic Collections Online (ACO) project, contributed by Princeton University Libraries.
=533  \\$aElectronic reproduction.$bNew York, N.Y. :$cNew York University,$d2021.$5NNU
=710  2\$aPrinceton University.$bLibrary.
=730  0\$aArabic Collections Online.
=776  08$iOnline version:$aAhmet Cevdet Paşa, 1822-1895.$tTaqwīm al-adwār.$d[Istanbul] Maṭbaʻat Maḥmūd Bik, 1881$w(OCoLC)657001433
=776  08$iPrint version:$aAhmet Cevdet Paşa, 1822-1895.$tTaqwīm al-adwār$w(NjP)2786425$w(OCoLC)42824649
=856  40$uhttp://hdl.handle.net/2333.1/hx3ffng1 
=880  0\$6100-01$aاحمد جودت پاشا،$d1822-1895.
=880  10$6245-02$aتقويم الادوار /$cترجمها من اللغة التركية الى العربية الياس مطر.
=880  \\$6260-03$a[اسطنبول] :$bمطبعة محمود بك،$c1881.
=959  \\$aNNU$bWEB$cGENI$t0$mElectronic access$s01
=999  \\$iNjP_2786425$o(OCoLC)ocm42824649$sprinceton_aco004163:$e(ERROR-MISC)$sprinceton_aco004163:

