=LDR  02540nam a2200493Mi 4500
=001  499157
=003  NjP
=006  m\\\\\\\\d\\\\\\\\
=007  cr\cn\|||m|||a
=008  210212m19799999ir\\\\\\ob\\\\000\0\ara\d
=040  \\$aZYU$bara$erda$cZYU
=043  \\$aa-su---
=082  0\$a297.352$222
=100  1\$6880-01$aṢābirī al-Ḥamdānī, Aḥmad.
=240  10$6880-02$aḤājj
=245  10$6880-03$aKitāb al-ḥājj :$btaqrīr abḥāth faqīh al-ʻaṣr samāḥat Āyat Allāh al-ʻuẓmá al-Sayyid Muḥammad Riḍá al-Mūsawī al-Gulpāygānīdām ẓilluhu al-wārif /$ctaʼlīf Aḥmad al-Ṣābirī al-Ḥamdānī.
=246  3\$6880-04$aḤājj
=250  \\$6880-05$aal-Ṭabʻah 1.
=260  \\$6880-06$aQum :$bMaṭbaʻat al-Khayyām,$c1400- [1979 or 1980-]
=300  \\$aonline resource (volumes)
=336  \\$atext$2rdacontent
=337  \\$acomputer$2rdamedia
=338  \\$aonline resource$2rdacarrier
=500  \\$aTitle page partially vocalized.
=500  \\$aPart of the Arabic Collections Online (ACO) project, contributed by Princeton University Libraries.
=504  \\$aIncludes bibliographical references.
=533  \\$aElectronic reproduction.$bNew York, N.Y. :$cNew York University,$d2021.$5NNU
=650  \0$aMuslim pilgrims and pilgrimages$zSaudi Arabia$zMecca.
=650  \0$aShiites.
=650  \7$aMuslim pilgrims and pilgrimages.$2fast$0(OCoLC)fst01030970
=650  \7$aShiites.$2fast$0(OCoLC)fst01115976
=651  \7$aSaudi Arabia$zMecca.$2fast$0(OCoLC)fst01204780
=710  2\$aPrinceton University.$bLibrary.
=730  0\$aArabic Collections Online.
=776  08$iPrint version:$aṢābirī al-Ḥamdānī, Aḥmad.$tKitāb al-ḥājj$w(NjP)499157$w(OCoLC)28074154
=856  40$uhttp://hdl.handle.net/2333.1/5dv41zq5 
=880  1\$6100-01$aصبري الهمداني، ٱحمد.
=880  10$6240-02$aحج
=880  10$6245-03$aكتاب الحج :$bتقرير ٱبحاث فقيه العصر سماحة آية الله العظمى السيد محمد رضا الموسوي الكلياكاني دام ظله الوارف /$cتٱليف ٱحمد الصبيري الهمداني.
=880  3\$6246-04$aحاج
=880  \\$6250-05$aالطبعة 1.
=880  \\$6260-06$aقم :$bمطبعة الخيام،$c1400- [1979 or 1980-]
=959  \\$aNNU$bWEB$cGENI$t0$mElectronic access$s01
=999  \\$iNjP_499157$o(OCoLC)ocm28074154$sprinceton_aco002952:juz 1$sprinceton_aco003231:juz 2$e(ERROR-MISC)$sprinceton_aco002952:juz 1$sprinceton_aco003231:juz 2

