=LDR  02171nam a2200397Mi 4500
=001  496563
=003  NjP
=006  m\\\\\\\\d\\\\\\\\
=007  cr\cn\|||m|||a
=008  210212s1985\\\\ir\\\\\\o\\\\\000\0dara\d
=040  \\$aZYU$bara$erda$cZYU
=100  1\$6880-01$aḤāʼirī, Muḥammad Mahdī.
=245  10$6880-02$aMaʻālī al-sibṭayn fī aḥwāl al-Ḥasan wa-al-Ḥusayn, ṣalawāt Allāh wa-salāmuhu ʻalayhimā /$ctaʼlīf Muḥammad Mahdī al-Ḥāʼirī.
=250  \\$6880-03$aal-Ṭabʻah 2.
=260  \\$6880-04$aQum, Īrān :$bal-Raḍī,$c1363 [1985]
=300  \\$aonline resource (2 volumes)
=336  \\$atext$2rdacontent
=337  \\$acomputer$2rdamedia
=338  \\$aonline resource$2rdacarrier
=500  \\$aTitle page partially vocalized.
=500  \\$aPart of the Arabic Collections Online (ACO) project, contributed by Princeton University Libraries.
=533  \\$aElectronic reproduction.$bNew York, N.Y. :$cNew York University,$d2021.$5NNU
=600  00$aḤusayn ibn ʻAlī,$d-680.
=600  00$aḤasan ibn ʻAlī,$d-approximately 669.
=600  07$aḤasan ibn ʻAlī,$d-approximately 669.$2fast$0(OCoLC)fst01823142
=600  07$aḤusayn ibn ʻAlī,$d-680.$2fast$0(OCoLC)fst01825184
=710  2\$aPrinceton University.$bLibrary.
=730  0\$aArabic Collections Online.
=776  08$iPrint version:$aḤāʼirī, Muḥammad Mahdī.$tMaʻālī al-sibṭayn fī aḥwāl al-Ḥasan wa-al-Ḥusayn, ṣalawāt Allāh wa-salāmuhu ʻalayhimā$w(NjP)496563$w(OCoLC)79668201
=856  40$uhttp://hdl.handle.net/2333.1/s7h44v3z 
=880  1\$6100-01$aحائري، محمد مهدي.
=880  10$6245-02$aمعالي السبطين في احوال الحسن والحسين، صلوات الله وسلامه عليهما /$cتأليف محمد مهدي الحائري.
=880  \\$6250-03$aالطبعة 2.
=880  \\$6260-04$aقم، ايران :$bالرضي،$c1363 [1985]
=959  \\$aNNU$bWEB$cGENI$t0$mElectronic access$s01
=999  \\$iNjP_496563$o(OCoLC)ocm79668201$sprinceton_aco002986:juz 1$sprinceton_aco002994:juz 2$e(ERROR-MISC)$sprinceton_aco002986:juz 1$sprinceton_aco002994:juz 2

