=LDR  02035nam a2200361Mi 4500
=001  314818
=003  NjP
=006  m\\\\\\\\d\\\\\\\\
=007  cr\cn\|||m|||a
=008  210212s1933\\\\mr\\\\\\o\\\\\000\0\ara\d
=040  \\$aZYU$bara$erda$cZYU
=100  1\$6880-01$aBūʻaqīlī, al-Ḥasan bin Bū Jumʻah,$d-1949.
=245  10$6880-02$aIḍāḥ al-adillah bi-anwār al-aʼimmah /$ctaʼlīf Abī ʻAlī ... al-Aḥsan ibn Muḥammad ibn Abī Jamāʻah al-Buʻaqilī al-Susī ... al-Baḍāwī.
=250  \\$6880-03$aal-Ṭabʻah 1.
=260  \\$6880-04$aal-Dār al-Bayḍāʼ :$bal-Maṭbaʻah al-ʻArabīyah,$c1353 [1933 or 1934]
=300  \\$aonline resource (115 pages)
=336  \\$atext$2rdacontent
=337  \\$acomputer$2rdamedia
=338  \\$aonline resource$2rdacarrier
=500  \\$aPart of the Arabic Collections Online (ACO) project, contributed by Princeton University Libraries.
=533  \\$aElectronic reproduction.$bNew York, N.Y. :$cNew York University,$d2021.$5NNU
=650  \0$aIslamic law$xInterpretation and construction.
=650  \7$aIslamic law$xInterpretation and construction.$2fast$0(OCoLC)fst00979955
=710  2\$aPrinceton University.$bLibrary.
=730  0\$aArabic Collections Online.
=776  08$iPrint version:$aBūʻaqīlī, al-Ḥasan bin Bū Jumʻah, -1949.$tIḍāḥ al-adillah bi-anwār al-aʼimmah$w(NjP)314818$w(OCoLC)82631059
=856  40$uhttp://hdl.handle.net/2333.1/r7sqvmx2 
=880  1\$6100-01$aبوعقيلي، الحسن بن بو جمعة،$d-1949.
=880  10$6245-02$aايضاح الادلة بانوار الائمة /$cتأليف ابي علي ... الاحسن بن محمد بن ابي جماعة البعقلي السسي ... البضاوي.
=880  \\$6250-03$aالطبعة 1.
=880  \\$6260-04$aالدار البيضاء :$bالمطبعة العربية،$c1353 [1933 or 1934]
=959  \\$aNNU$bWEB$cGENI$t0$mElectronic access$s01
=999  \\$iNjP_314818$o(OCoLC)ocm82631059$sprinceton_aco003584:$e(ERROR-MISC)$sprinceton_aco003584:

