=LDR  01519nam a2200373Mi 4500
=001  1149115
=003  NjP
=006  m\\\\\\\\d\\\\\\\\
=007  cr\cn\|||m|||a
=008  210212s1876\\\\tu\\\\\\o\\\\\000\0\ara\d
=040  \\$aZYU$bara$erda$cZYU
=050  14$aBP178$b.B322 1876
=130  0\$aBāb daʻwá al-rajulayn.
=245  10$aCilt-i seni Bab-ı daʼvaülrecleyn.
=246  30$aDaʼvaülrecleyn
=246  30$aBab-ı daʼvaülrecleyn
=246  3\$aDaʻwá al-rajulayn
=260  \\$6880-01$aDār al-Salṭanah :$bMaṭbaʻat ʻAlī Bik,$c1293 [1876]
=300  \\$aonline resource (544, [2] pages)
=336  \\$atext$2rdacontent
=337  \\$acomputer$2rdamedia
=338  \\$aonline resource$2rdacarrier
=500  \\$aCaption title.
=500  \\$aPart of the Arabic Collections Online (ACO) project, contributed by Princeton University Libraries.
=533  \\$aElectronic reproduction.$bNew York, N.Y. :$cNew York University,$d2021.$5NNU
=650  \0$aPrayer$xIslam.
=650  \7$aPrayer$xIslam.$2fast$0(OCoLC)fst01074698
=710  2\$aPrinceton University.$bLibrary.
=730  0\$aArabic Collections Online.
=776  08$iPrint version:$tCilt-i seni Bab-ı daʼvaülrecleyn$w(NjP)1149115$w(OCoLC)37169379
=856  40$uhttp://hdl.handle.net/2333.1/s1rn90nw 
=880  \\$6260-01$aدار السلطنة :$bمطبعة علي بك،$c1293 [1876]
=959  \\$aNNU$bWEB$cGENI$t0$mElectronic access$s01
=999  \\$iNjP_1149115$o(OCoLC)ocm37169379$sprinceton_aco003233$e(ERROR-880)$sprinceton_aco003233

