=LDR  02326nam a2200469Mi 4500
=001  1789318
=003  NjP
=006  m\\\\\\\\d\\\\\\\\
=007  cr\cn\|||m|||a
=008  210212s1924\\\\ua\\\\\\od\\\\000\0\ara\d
=040  \\$aZYU$bara$erda$cZYU
=041  0\$aara$aeng
=050  04$aPJ6640$b.E614 1924
=100  1\$6880-01$aElias, Elias A.$q(Elias Antoon)
=245  10$6880-02$aQāmūs al-jayb, Inkilīzī wa-ʻArabī /$ctaʼlīf Ilyās Anṭūn Ilyās =bElias' Pocket dictionary, English-Arabic / by Elias A. Elias.
=246  15$6880-03$aQāmūs al-jayb, ʻArabī wa-Inkilīzī
=246  31$aElias' Pocket dictionary, English-Arabic
=246  3\$aElias' Pocket dictionary, Arabic-English
=246  3\$aPocket dictionary, English-Arabic
=246  3\$aPocket dictionary, Arabic-English
=260  \\$6880-04$aMiṣr :$bAl-Maṭbaʻah al-ʻAṣrīyah,$c[1924]
=300  \\$aonline resource (2 volumes in 1.)
=336  \\$atext$2rdacontent
=337  \\$acomputer$2rdamedia
=338  \\$aonline resource$2rdacarrier
=500  \\$aPart of the Arabic Collections Online (ACO) project, contributed by Princeton University Libraries.
=533  \\$aElectronic reproduction.$bNew York, N.Y. :$cNew York University,$d2021.$5NNU
=650  \0$aEnglish language$vDictionaries$xArabic.
=650  \0$aArabic language$vDictionaries$xEnglish.
=650  \7$aArabic language.$2fast$0(OCoLC)fst00812287
=650  \7$aEnglish language.$2fast$0(OCoLC)fst00910920
=655  \7$aDictionaries.$2fast$0(OCoLC)fst01423826
=710  2\$aPrinceton University.$bLibrary.
=730  0\$aArabic Collections Online.
=776  08$iPrint version:$aElias, Elias A. (Elias Antoon)$tQāmūs al-jayb, Inkilīzī wa-ʻArabī$w(NjP)1789318$w(DLC)ne 63000852 $w(OCoLC)39833572
=856  40$uhttp://hdl.handle.net/2333.1/fn2z3fxj 
=880  1\$6100-01$aإلياس، أنطون إ.$q(إلياس أنطون)
=880  10$6245-02$aقاموس الجيب، انكليزي وعربي /$cتأليف الياس انطون الياس.
=880  15$6246-03$aقاموس الجيب، عربي وانكليزي
=880  \\$6260-04$aمصر :$bالمطبعة العصرية،$c[1924]
=959  \\$aNNU$bWEB$cGENI$t0$mElectronic access$s01
=999  \\$iNjP_1789318$o(OCoLC)ocm39833572$sprinceton_aco004295:$e(ERROR-880)$sprinceton_aco004295:

