=LDR  01925nam a2200397Mi 4500
=001  943058
=003  NjP
=006  m\\\\\\\\d\\\\\\\\
=007  cr\cn\|||m|||a
=008  210212s1903\\\\ua\\\\\\o\\\\\000\0\ara\d
=040  \\$aZYU$bara$erda$cZYU
=043  \\$af-ua---
=100  1\$6880-01$aṢafwat, Muḥammad.
=245  10$6880-02$aRisālah fī al-ṭāʻūn, aw, al-Tayfūs al-baqarī /$ctaʼlīf Muḥammad Ṣafwat.
=260  \\$6880-03$a[Cairo] :$bMaṭbaʻat al-Liwāʼ,$c1903.
=300  \\$aonline resource (64 pages)
=336  \\$atext$2rdacontent
=337  \\$acomputer$2rdamedia
=338  \\$aonline resource$2rdacarrier
=500  \\$aPart of the Arabic Collections Online (ACO) project, contributed by Princeton University Libraries.
=533  \\$aElectronic reproduction.$bNew York, N.Y. :$cNew York University,$d2021.$5NNU
=650  \0$aPlague$zEgypt.
=650  \7$aPlague.$2fast$0(OCoLC)fst01065045
=651  \7$aEgypt.$2fast$0(OCoLC)fst01208755
=710  2\$aPrinceton University.$bLibrary.
=730  0\$aArabic Collections Online.
=740  0\$6880-04$aTayfūs al-baqarī.
=776  08$iOnline version:$aṢafwat, Muḥammad.$tRisālah fī al-ṭāʻūn, aw, al-Tayfūs al-baqarī.$d[Cairo] : Maṭbaʻat al-Liwāʼ, 1903$w(OCoLC)657161669
=776  08$iPrint version:$aṢafwat, Muḥammad.$tRisālah fī al-ṭāʻūn, aw, al-Tayfūs al-baqarī$w(NjP)943058$w(OCoLC)81805359
=856  40$uhttp://hdl.handle.net/2333.1/vx0k6qqh 
=880  1\$6100-01$aصفوة، محمد.
=880  10$6245-02$aرسالة في الطاعون، او، التيفوس البقري /$cتأليف محمد صفوة.
=880  \\$6260-03$a[القاهرة] :$bمطبعة اللواء،$c1903.
=880  0\$6740-04$aتيفوس البقري.
=959  \\$aNNU$bWEB$cGENI$t0$mElectronic access$s01
=999  \\$iNjP_943058$o(OCoLC)ocm81805359$sprinceton_aco002598$e(ERROR-MISC)$sprinceton_aco002598

