=LDR  02324nam a2200409Mi 4500
=001  399001
=003  NjP
=006  m\\\\\\\\d\\\\\\\\
=007  cr\cn\|||m|||a
=008  210212q19801987ir\\\\\\ob\\\\000\0\ara\d
=040  \\$aZYU$bara$erda$cZYU
=100  1\$6880-01$aNajafī al-Tabrīzī, Rāḍī.
=245  10$6880-02$aTaḥlīl al-kalām fī sharḥ qaḍāʼ Sharāʼiʻ al-Islām /$ctaʼlīf Rāḍī al-Najafī al-Tibrīzī.
=260  \\$a[Qum?] :$b[publisher not identified],$c[198-?]
=300  \\$aonline resource (832 pages)
=336  \\$atext$2rdacontent
=337  \\$acomputer$2rdamedia
=338  \\$aonline resource$2rdacarrier
=500  \\$aPart of the Arabic Collections Online (ACO) project, contributed by Princeton University Libraries.
=504  \\$aIncludes bibliographical references.
=500  \\$aErrata slip inserted.
=533  \\$aElectronic reproduction.$bNew York, N.Y. :$cNew York University,$d2021.$5NNU
=600  10$aMuḥaqqiq al-Ḥillī, Jaʻfar ibn al-Ḥasan,$d1205 or 1206-1277.$tSharāʼiʻ al-Islām.
=650  \0$aIslamic law$xInterpretation and construction$vEarly works to 1800.
=630  07$aSharāʼiʻ al-Islām (Muḥaqqiq al-Ḥillī, Jaʻfar ibn al-Ḥasan)$2fast$0(OCoLC)fst01370927
=650  \7$aIslamic law$xInterpretation and construction.$2fast$0(OCoLC)fst00979955
=655  \7$aEarly works.$2fast$0(OCoLC)fst01411636
=700  12$6880-03$aMuḥaqqiq al-Ḥillī, Jaʻfar ibn al-Ḥasan,$d1205 or 1206-1277.$tSharāʼiʻ al-Islām.
=710  2\$aPrinceton University.$bLibrary.
=730  0\$aArabic Collections Online.
=776  08$iPrint version:$aNajafī al-Tabrīzī, Rāḍī.$tTaḥlīl al-kalām fī sharḥ qaḍāʼ Sharāʼiʻ al-Islām$w(NjP)399001$w(OCoLC)81065080
=856  40$uhttp://hdl.handle.net/2333.1/7h44jb2j 
=880  1\$6100-01$aنجفي التبريزي، راضي.
=880  10$6245-02$aتحليل الكلام في شرح قضاء شرائع الاسلام /$cتأليف راضي النجفي التبريزي.
=880  12$6700-03$aمحقق الحلي، جعفر بن الحسن،$d1205 or 1206-1277.$tشرائع الاسلام.
=959  \\$aNNU$bWEB$cGENI$t0$mElectronic access$s01
=999  \\$iNjP_399001$o(OCoLC)ocm81065080$sprinceton_aco002086$e(ERROR-880)(ERROR-MISC)$sprinceton_aco002086

