=LDR  02410nam a2200385Mi 4500
=001  859012
=003  NjP
=006  m\\\\\\\\d\\\\\\\\
=007  cr\cn\|||m|||a
=008  210212s1880\\\\sy\\\\\\o\\\\\000\0\ara\d
=040  \\$aZYU$bara$erda$cZYU
=100  1\$6880-01$aAnṣārī, Muḥammad Tawfīq al-Ayyūbī.
=240  10$6880-02$aTaʻrīb sharḥ al-qawāʻid al-kullīyah allatī fī awwal Majallat al-Aḥkām al-ʻAdlīyah
=245  10$6880-03$aKitāb taʻrīb sharḥ al-qawāʻid al-kullīyah allatī fī awwal Majallat al-Aḥkām al-ʻAdlīyah /$cMuḥammad Tawfīq al-Ayyūbī al-Anṣārī.
=246  3\$6880-04$aTaʻrīb sharḥ al-qawāʻid al-kullīyah allatī fī awwal Majallat al-Aḥkām al-ʻAdlīyah
=260  \\$6880-05$aDimashq :$bMaṭbaʻat Ḥabīb Khālid,$c1298 [1880 or 1881]
=300  \\$aonline resource (55 pages)
=336  \\$atext$2rdacontent
=337  \\$acomputer$2rdamedia
=338  \\$aonline resource$2rdacarrier
=500  \\$aPart of the Arabic Collections Online (ACO) project, contributed by Princeton University Libraries.
=533  \\$aElectronic reproduction.$bNew York, N.Y. :$cNew York University,$d2021.$5NNU
=650  \0$aIslamic law.
=650  \7$aIslamic law.$2fast$0(OCoLC)fst00979949
=710  2\$aPrinceton University.$bLibrary.
=730  0\$aArabic Collections Online.
=776  08$iPrint version:$aAnṣārī, Muḥammad Tawfīq al-Ayyūbī.$tKitāb taʻrīb sharḥ al-qawāʻid al-kullīyah allatī fī awwal Majallat al-Aḥkām al-ʻAdlīyah$w(NjP)859012$w(OCoLC)29745545
=856  40$uhttp://hdl.handle.net/2333.1/v41nsbvx 
=880  1\$6100-01$aانصاري، محمد توفيق الايوبي.
=880  10$6240-02$aتعريب شرح القواعد الكلية التي في اول مجلة الاحكام العدلية
=880  10$6245-03$aكتاب تعريب شرح القواعد الكلية التي في اول مجلة الاحكام العدلية /$cمحمد توفيق الايوبي الانصاري.
=880  3\$6246-04$aتعريب شرح القواعد الكلية التي في اول مجلة الاحكام العدلية
=880  \\$6260-05$aدمشق :$bمطبعة حبيب خالد،$c1298 [1880 او 1881]
=959  \\$aNNU$bWEB$cGENI$t0$mElectronic access$s01
=999  \\$iNjP_859012$o(OCoLC)ocm29745545$sprinceton_aco003561:$e(ERROR-MISC)$sprinceton_aco003561:

