=LDR  02924nam a2200445Mi 4500
=001  862653
=003  NjP
=006  m\\\\\\\\d\\\\\\\\
=007  cr\cn\|||m|||a
=008  210212s1868\\\\le\\\\\\o\\\\\000\0cara\d
=040  \\$aZYU$bara$erda$cZYU
=100  1\$6880-01$aMaẓlūm, Maksīmūs ibn Jurjis,$d1779 or 1780-1854 or 1855.
=240  10$6880-02$aKanz al-ʻibād al-thamīn fī akhbār al-qiddīsīn
=245  10$6880-03$aKitāb Kanz al-ʻibād al-thamīn fī akhbār al-qiddīsīn /$ctaʼlīf al-Sayyid Maksīmūs Maẓlūm Baṭriyark ṭāʼifat al-Rūm al-Malkīyīn al-Kāthūlīkīyīn.
=246  3\$6880-04$aKanz al-ʻibād al-thamīn fī akhbār al-qiddīsīn
=250  \\$6880-05$aṬabʻah 2.
=260  \\$6880-06$a[Beirut] :$bMaṭbaʻat Ḥannā al-Najjār,$c1868.
=300  \\$aonline resource (volumes)
=336  \\$atext$2rdacontent
=337  \\$acomputer$2rdamedia
=338  \\$aonline resource$2rdacarrier
=500  \\$a"Al-Mujallad al-thānī yashtamil ʻalá akhbār al-qiddīsīn al-mudawwanah asmāʼuhum wa-akhbāruhum fī al-mīnāwun al-Yūnānī wa-al-ʻAarabi."
=500  \\$aPart of the Arabic Collections Online (ACO) project, contributed by Princeton University Libraries.
=533  \\$aElectronic reproduction.$bNew York, N.Y. :$cNew York University,$d2021.$5NNU
=650  \0$aChristian saints$vBiography.
=650  \7$aChristian saints.$2fast$0(OCoLC)fst00859491
=655  \7$aBiographies.$2fast$0(OCoLC)fst01919896
=710  2\$aPrinceton University.$bLibrary.
=730  0\$aArabic Collections Online.
=776  08$iOnline version:$aMaẓlūm, Maksīmūs ibn Jurjis, 1779 or 80-1854 or 5.$sKanz al-ʻibād al-thamīn fī akhbār al-qiddīsīn.$tKitāb Kanz al-ʻibād al-thamīn fī akhbār al-qiddīsīn.$bṬabʻah 2.$d[Beirut] : Maṭbaʻat Ḥannā al-Najjār, 1868$w(OCoLC)663183763
=776  08$iPrint version:$aMaẓlūm, Maksīmūs ibn Jurjis, 1779 or 1780-1854 or 1855.$tKitāb Kanz al-ʻibād al-thamīn fī akhbār al-qiddīsīn$w(NjP)862653$w(OCoLC)29834579
=856  40$uhttp://hdl.handle.net/2333.1/z08kq2tz 
=880  1\$6100-01$aمظلوم، مكسيموس بن جرجس،$d1779 or 1780-1854 or 1855.
=880  10$6240-02$aكنز العباد الثمين في اخبار القديسين
=880  10$6245-03$aكتاب كنز العباد الثمين في اخبار القديسين /$cتأليف السيد مكسيموس مظلوم بطريرك طائفة الروم الملكيين الكاثوليكيين.
=880  3\$6246-04$aكنز العباد الثمين في اخبار القديسين
=880  \\$6250-05$aطبعة 2.
=880  \\$6260-06$a[بيروت] :$bمطبعة حنا النجار،$c1868.
=959  \\$aNNU$bWEB$cGENI$t0$mElectronic access$s01
=999  \\$iNjP_862653$o(OCoLC)ocm29834579$sprinceton_aco004618:$e(ERROR-MISC)$sprinceton_aco004618:

