=LDR  03125nam a2200397Mi 4500
=001  858999
=003  NjP
=006  m\\\\\\\\d\\\\\\\\
=007  cr\cn\|||m|||a
=008  210212s1864\\\\ua\\\\\\o\\\\\000\0\ara\d
=040  \\$aZYU$bara$erda$cZYU
=100  1\$6880-01$aḤūrānī, Ibrāhīm.
=240  10$6880-02$aDīwān kanz al-asrār wa-qamʻ al-ashrār fīmā ḥaṣala lil-muqaddim Ibrāhīm al-Ḥūrānī fī Rūmah al-madāʼin wa-jisr al-abḥār
=245  10$6880-03$aHādhā Dīwān kanz al-asrār wa-qamʻ al-ashrār fīmā ḥaṣala lil-muqaddim Ibrāhīm al-Ḥūrānī fī rūmat al-madāyin wa-jisr al-abḥār.
=246  3\$6880-04$aDīwān kanz al-asrār wa-qamʻ al-ashrār fīmā ḥaṣala lil-muqaddim Ibrāhīm al-Ḥūrānī fī Rūmah al-madāʼin wa-jisr al-abḥār
=260  \\$6880-05$aMiṣr :$b[publisher not identified],$c1281 [1864 or 1865]
=300  \\$aonline resource (115 pages)
=336  \\$atext$2rdacontent
=337  \\$acomputer$2rdamedia
=338  \\$aonline resource$2rdacarrier
=500  \\$aPart of the Arabic Collections Online (ACO) project, contributed by Princeton University Libraries.
=533  \\$aElectronic reproduction.$bNew York, N.Y. :$cNew York University,$d2021.$5NNU
=600  10$aḤūrānī, Ibrāhīm.
=600  17$aḤūrānī, Ibrāhīm.$2fast$0(OCoLC)fst00305255
=710  2\$aPrinceton University.$bLibrary.
=730  0\$aArabic Collections Online.
=776  08$iOnline version:$aḤūrānī, Ibrāhīm.$sDīwān kanz al-asrār wa-qamʻ al-ashrār fīmā ḥaṣala lil-muqaddim Ibrīhīm al-Ḥūrānī fī Rūmah al-madāʼin wa-jisr al-abḥār.$tHādhā Dīwān kanz al-asrār wa-qamʻ al-ashrār fīmā ḥaṣala lil-muqaddim Ibrīhīm al-Ḥūrānī fī rūmat al-madāyin wa-jisr al-abḥār.$dMiṣr : [s.n.], 1281 [1864 or 1865]$w(OCoLC)656820878
=776  08$iPrint version:$aḤūrānī, Ibrāhīm.$tHādhā Dīwān kanz al-asrār wa-qamʻ al-ashrār fīmā ḥaṣala lil-muqaddim Ibrāhīm al-Ḥūrānī fī rūmat al-madāyin wa-jisr al-abḥār$w(NjP)858999$w(OCoLC)29745509
=856  40$uhttp://hdl.handle.net/2333.1/cnp5j1c2 
=880  1\$6100-01$aحوراني، ابراهيم.
=880  10$6240-02$aديوان كنز الاسرار وقمع الاشرار فيما حصل للمقدم ابراهيم الحوراني في رومة المدائن وجسر الابحار
=880  10$6245-03$aهاذا ديوان كنز الاسرار وقمع الاشرار فيما حصل للمقدم ابراهيم الحوراني في رومة المداين وجسر الابحار.
=880  3\$6246-04$aديوان كنز الاسرار وقمع الاشرار فيما حصل للمقدم ابراهيم الحوراني في رومة المدائن وجسر الابحار
=880  \\$6260-05$aمصر :$b[publisher not identified],$c1281 [1864 or 1865]
=959  \\$aNNU$bWEB$cGENI$t0$mElectronic access$s01
=999  \\$iNjP_858999$o(OCoLC)ocm29745509$sprinceton_aco002820$e(ERROR-MISC)$sprinceton_aco002820

