=LDR  02069nam a2200385Mi 4500
=001  1699137
=003  NjP
=006  m\\\\\\\\d\\\\\\\\
=007  cr\cn\|||m|||a
=008  210212s1971\\\\ir\h\\\\o\\\\\000\0\ara\d
=040  \\$aZYU$bara$erda$cZYU
=100  1\$6880-01$aIbn Bābawayh al-Qummī, Muḥammad ibn ʻAlī,$d918 or 919-991 or 992.
=245  10$6880-02$aThawāb al-aʻmāl /$cṢaḥḥaḥahu wa-ʻallaqa ʻalayhi ʻAlī Akbar al-Ghaffārī.
=260  \\$6880-03$aTehran :$bMaktabat al-Ṣadūq,$c1391 [1971]
=300  \\$aonline resource (371 pages) :$bfacsimiles
=336  \\$atext$2rdacontent
=337  \\$acomputer$2rdamedia
=338  \\$aonline resource$2rdacarrier
=500  \\$aPart of the Arabic Collections Online (ACO) project, contributed by Princeton University Libraries.
=533  \\$aElectronic reproduction.$bNew York, N.Y. :$cNew York University,$d2021.$5NNU
=546  \\$aIn Arabic.
=650  \0$aReligious life$xIslam.
=650  \7$aReligious life$xIslam.$2fast$0(OCoLC)fst01094119
=700  1\$6880-04$aGhaffārī, ʻAlī Akbar,$eeditor.
=710  2\$aPrinceton University.$bLibrary.
=730  0\$aArabic Collections Online.
=776  08$iOnline version:$aIbn Bābawayh al-Qummī, Muḥammad ibn ʻAlī, 918 or 19-991 or 2.$tThawāb al-aʻmāl.$dTehran, Maktabat al-Ṣadūq, 1391 [1971]$w(OCoLC)551652464
=776  08$iPrint version:$aIbn Bābawayh al-Qummī, Muḥammad ibn ʻAlī, 918 or 919-991 or 992.$tThawāb al-aʻmāl$w(NjP)1699137$w(OCoLC)42810716
=856  40$uhttp://hdl.handle.net/2333.1/7sqvb350 
=880  1\$6100-01$aابن بابويه القمي، محمد بن علي،$d918 or 919-991 or 992.
=880  10$6245-02$aثواب الاعمال /$cصححه وعلق عليه علي اكبر الغفاري.
=880  \\$6260-03$aتهران :$bمكتبة الصدوق،$c1391 [1971]
=880  1\$6700-04$aغفاري، علي اكبر.
=959  \\$aNNU$bWEB$cGENI$t0$mElectronic access$s01
=999  \\$iNjP_1699137$o(OCoLC)ocm42810716$sprinceton_aco003899:$e(ERROR-MISC)$sprinceton_aco003899:

