=LDR  01582nam a2200349Mi 4500
=001  3209204
=003  NjP
=006  m\\\\\\\\d\\\\\\\\
=007  cr\cn\|||m|||a
=008  210212s1938\\\\le\\\\\\ob\\\\000\0\arard
=040  \\$aZYU$bara$erda$cZYU
=100  1\$6880-01$aZayn, Muḥammad Ḥusayn.
=245  13$6880-02$aal-Shīʻah fī al-tārīkh /$ctaʼlīf Muḥammad Ḥusayn al-Zayn.
=260  \\$6880-03$aṢaydā :$bMaṭbaʻat al-ʻIrfān,$c1938.
=300  \\$aonline resource (226 pages)
=336  \\$atext$2rdacontent
=337  \\$acomputer$2rdamedia
=338  \\$aonline resource$2rdacarrier
=500  \\$aPart of the Arabic Collections Online (ACO) project, contributed by Princeton University Libraries.
=533  \\$aElectronic reproduction.$bNew York, N.Y. :$cNew York University,$d2021.$5NNU
=650  \0$aShiites$xHistory.
=650  \7$aShiites.$2fast$0(OCoLC)fst01115976
=655  \7$aHistory.$2fast$0(OCoLC)fst01411628
=710  2\$aPrinceton University.$bLibrary.
=730  0\$aArabic Collections Online.
=776  08$iPrint version:$aZayn, Muḥammad Ḥusayn.$tal-Shīʻah fī al-tārīkh$w(NjP)3209204$w(OCoLC)49364643
=856  40$uhttp://hdl.handle.net/2333.1/2v6wx113 
=880  1\$6100-01$aزين، محمد حسين.
=880  12$6245-02$aالشيعة في التاريخ /$cتأليف محمد حسين الزين.
=880  \\$6260-03$aصيدا :$bمطبعة العرفان،$c1938.
=959  \\$aNNU$bWEB$cGENI$t0$mElectronic access$s01
=999  \\$iNjP_3209204$o(OCoLC)ocm49364643$sprinceton_aco003250$e(ERROR-MISC)$sprinceton_aco003250

