=LDR  02460nam a2200445Mi 4500
=001  498117
=003  NjP
=006  m\\\\\\\\d\\\\\\\\
=007  cr\cn\|||m|||a
=008  210212s1987\\\\ir\\\\\\ob\\\\000\0\ara\d
=040  \\$aZYU$bara$erda$cZYU
=100  1\$6880-01$aʻĀmilī, Ḥasan Muḥammad Makkī.
=245  10$6880-02$aQāʻidatān fiqhīyatān :$bal-lā-ḍarār wa-al-riḍāʻ : taqrīran li-abḥāth ustādhinā al-ʻallāmah al-muḥaqqiq al-kabīr al-Shaykh Jaʻfar al-Subḥānī /$cbi-qalam Ḥasan Makkī al-ʻĀmilī.
=250  \\$6880-03$aal-Ṭabʻah 1.
=260  \\$6880-04$a[Qum] :$bMuʼassasat Sayyid al-Shuhadāʼ,$c1408 [1987 or 1988]
=300  \\$aonline resource (248 pages)
=336  \\$atext$2rdacontent
=337  \\$acomputer$2rdamedia
=338  \\$aonline resource$2rdacarrier
=490  1\$6880-05$aMuʼassasat Sayyid al-Shuhadāʼ ;$v7
=500  \\$aPart of the Arabic Collections Online (ACO) project, contributed by Princeton University Libraries.
=504  \\$aIncludes bibliographical references.
=533  \\$aElectronic reproduction.$bNew York, N.Y. :$cNew York University,$d2021.$5NNU
=650  \0$aBreastfeeding$xReligious aspects$xIslam.
=650  \0$aDamages (Islamic law)
=650  \7$aBreastfeeding$xReligious aspects$xIslam.$2fast$0(OCoLC)fst02004821
=650  \7$aDamages (Islamic law)$2fast$0(OCoLC)fst00887278
=710  2\$aPrinceton University.$bLibrary.
=730  0\$aArabic Collections Online.
=776  08$iPrint version:$aʻĀmilī, Ḥasan Muḥammad Makkī.$tQāʻidatān fiqhīyatān$w(NjP)498117$w(OCoLC)26670436
=830  \0$6880-06$aMuʼassasat Sayyid al-Shuhadāʼ (Series) ;$v7.
=856  40$uhttp://hdl.handle.net/2333.1/gmsbcp4g 
=880  1\$6100-01$aعاملي، حسن محمد مكي.
=880  10$6245-02$aقاعدتان فقهيتان :$bاللاضرر والرضاع : تقريرن لابحاث استاذنا العلامة المحقق الكبير الشيخ جعفر السبحاني /$cبقلم حسن مكي العاملي.
=880  \\$6250-03$aالطبعة 1.
=880  \\$6260-04$a[قم] :$bمؤسسة سيد الشهداء،$c1408 [1987 or 1988]
=880  1\$6490-05$aمؤسسة سيد الشهداء ؛$v7
=880  \0$6830-06$aمؤسسة سيد الشهداء  ؛$v7.
=959  \\$aNNU$bWEB$cGENI$t0$mElectronic access$s01
=999  \\$iNjP_498117$o(OCoLC)ocm26670436$sprinceton_aco003614:$e(ERROR-MISC)$sprinceton_aco003614:

