=LDR  02228nam a2200409Mi 4500
=001  498103
=003  NjP
=006  m\\\\\\\\d\\\\\\\\
=007  cr\cn\|||m|||a
=008  210212s1985\\\\ir\\\\\\ob\\\\000\0\arard
=040  \\$aZYU$bara$erda$cZYU
=050  \4$aBP183.6$b.T37 1985
=100  1\$6880-01$aTaskhīrī, Muḥammad ʻAlī.
=245  10$6880-02$aṢalāt al-Jumʻah wa-al-riwāyāt al-mushtarakah ḥawlahā /$cMuḥammad ʻAlī al-Taskhīrī, Maḥmūd Qānṣūh.
=250  \\$6880-03$aal-Ṭabʻah 1.
=260  \\$6880-04$aṬihrān, al-Jumhūrīyah al-Islāmīyah fī Īrān :$bMuʻāwanīyat al-ʻAlāqāt al-Dawlīyah fī Munaẓẓamat al-Iʻlām al-Islāmī,$c1985.
=300  \\$aonline resource (138 pages)
=336  \\$atext$2rdacontent
=337  \\$acomputer$2rdamedia
=338  \\$aonline resource$2rdacarrier
=500  \\$aPart of the Arabic Collections Online (ACO) project, contributed by Princeton University Libraries.
=504  \\$aIncludes bibliographical references.
=533  \\$aElectronic reproduction.$bNew York, N.Y. :$cNew York University,$d2021.$5NNU
=650  \0$aIslamic sermons.
=650  \7$aIslamic sermons.$2fast$0(OCoLC)fst00980058
=700  1\$6880-05$aQānṣūh, Maḥmūd.
=710  2\$aPrinceton University.$bLibrary.
=730  0\$aArabic Collections Online.
=776  08$iPrint version:$aTaskhīrī, Muḥammad ʻAlī.$tṢalāt al-Jumʻah wa-al-riwāyāt al-mushtarakah ḥawlahā$w(NjP)498103$w(OCoLC)26670432
=856  40$uhttp://hdl.handle.net/2333.1/37pvmpsw 
=880  1\$6100-01$aتسخيري، محمد علي.
=880  10$6245-02$aصلاة الجمعة والروايات المشتركة حولها /$cمحمد علي التسخيري ، محمود قانصوه.
=880  \\$6250-03$aالطبعة 1.
=880  \\$6260-04$aتهران، الجمهورية الاسلامية في ايران :$bمعاونية الرئاسة للعلاقات الدولية في منظمة الاعلام الاسلامى،$c1985.
=880  1\$6700-05$aقانصوه، محمود.
=959  \\$aNNU$bWEB$cGENI$t0$mElectronic access$s01
=999  \\$iNjP_498103$o(OCoLC)ocm26670432$sprinceton_aco003276$e(ERROR-880)$sprinceton_aco003276

