=LDR  01902nam a2200373Mi 4500
=001  504931
=003  NjP
=006  m\\\\\\\\d\\\\\\\\
=007  cr\cn\|||m|||a
=008  210212s1983\\\\ir\\\\\\ob\\\\000\0\ara\d
=040  \\$aZYU$bara$erda$cZYU
=100  1\$6880-01$aʻAwdah, ʻAbd al-Qādir.
=245  13$6880-02$aal-Māl wa-al-ḥukm fī al-Islām /$cʻAbd al-Qādir ʻAwdah.
=260  \\$6880-03$aṬihrān, al-Jumhūrīyah al-Islāmīyah al-Īrānīyah :$bMunaẓẓamat al-Iʻlām al-Islāmī,$c1404 [1983 or 1984]
=300  \\$aonline resource (143 pages)
=336  \\$atext$2rdacontent
=337  \\$acomputer$2rdamedia
=338  \\$aonline resource$2rdacarrier
=500  \\$aPart of the Arabic Collections Online (ACO) project, contributed by Princeton University Libraries.
=504  \\$aIncludes bibliographical references.
=533  \\$aElectronic reproduction.$bNew York, N.Y. :$cNew York University,$d2021.$5NNU
=650  \0$aIslam and state.
=650  \0$aEconomics$xReligious aspects$xIslam.
=650  \7$aEconomics$xReligious aspects$xIslam.$2fast$0(OCoLC)fst00902190
=650  \7$aIslam and state.$2fast$0(OCoLC)fst00979890
=710  2\$aPrinceton University.$bLibrary.
=730  0\$aArabic Collections Online.
=776  08$iPrint version:$aʻAwdah, ʻAbd al-Qādir.$tal-Māl wa-al-ḥukm fī al-Islām$w(NjP)504931$w(OCoLC)22319819
=856  40$uhttp://hdl.handle.net/2333.1/4j0zpp7c 
=880  1\$6100-01$aعودة، عبد القادر.
=880  12$6245-02$aالمال والحكم في الاسلام /$cعبد القادر عودة.
=880  \\$6260-03$aطهران، الجمهورية الاسلامية الايرانية :$bمنظمة الاعلام الاسلامي،$c1404 [1983 or 1984]
=959  \\$aNNU$bWEB$cGENI$t0$mElectronic access$s01
=999  \\$iNjP_504931$o(OCoLC)ocm22319819$sprinceton_aco003684:$e(ERROR-MISC)$sprinceton_aco003684:

