=LDR  02386nam a2200421Mi 4500
=001  498102
=003  NjP
=006  m\\\\\\\\d\\\\\\\\
=007  cr\cn\|||m|||a
=008  210212s1982\\\\ir\\\\\\o\\\\\000\0\ara\d
=040  \\$aZYU$bara$erda$cZYU
=050  \4$aBP173.5$b.A442 1982
=100  1\$6880-01$aĀl Kāshif al-Ghiṭā, Muḥammad al-Ḥusayn,$d1877-1954.
=245  13$6880-02$aal-Muthul al-ʻulyā fī al-Islām lā fī Biḥamdūn /$cli-samāḥat al-Imām Muḥammad al-Ḥusayn Āl Kāshif al-Ghiṭāʼ.
=250  \\$6880-03$aal-Ṭabʻah 1.
=260  \\$6880-04$aṬihrān, al-Jumhūrīyah al-Islāmīyah fī Īrān :$bMunaẓẓamat al-Iʻlām al-Islāmī, Qism al-ʻAlāqāt al-Dawlīyah,$c1403 [1982 or 1983]
=300  \\$aonline resource (80 pages)
=336  \\$atext$2rdacontent
=337  \\$acomputer$2rdamedia
=338  \\$aonline resource$2rdacarrier
=500  \\$aPart of the Arabic Collections Online (ACO) project, contributed by Princeton University Libraries.
=533  \\$aElectronic reproduction.$bNew York, N.Y. :$cNew York University,$d2021.$5NNU
=650  \0$aIslam and world politics.
=650  \0$aIslam$xRelations$xChristianity.
=650  \7$aChristianity.$2fast$0(OCoLC)fst00859599
=650  \7$aInterfaith relations.$2fast$0(OCoLC)fst01353343
=650  \7$aIslam.$2fast$0(OCoLC)fst00979776
=650  \7$aIslam and world politics.$2fast$0(OCoLC)fst00979897
=710  2\$aPrinceton University.$bLibrary.
=730  0\$aArabic Collections Online.
=776  08$iPrint version:$aĀl Kāshif al-Ghiṭā, Muḥammad al-Ḥusayn, 1877-1954.$tal-Muthul al-ʻulyā fī al-Islām lā fī Biḥamdūn$w(NjP)498102$w(OCoLC)26670430
=856  40$uhttp://hdl.handle.net/2333.1/kh189d3k 
=880  1\$6100-01$aآل كاشف الغطا، محمد الحسين،$d1877-1954.
=880  12$6245-02$aالمثل العليا في الاسلام لا في بحمدون /$cلمحمد الحسين آل كاشف الغطاء.
=880  \\$6250-03$aالطبعة 1.
=880  \\$6260-04$aطهران، الجمهورية الاسلامية الايرانية :$bمنظمة الاعلام الاسلامي، قسم العلاقات الدولية،$c1403 [1982 أو 1983]
=959  \\$aNNU$bWEB$cGENI$t0$mElectronic access$s01
=999  \\$iNjP_498102$o(OCoLC)ocm26670430$sprinceton_aco003258$e(ERROR-880)$sprinceton_aco003258

