=LDR  01773nam a2200385Mi 4500
=001  2847098
=003  NjP
=006  m\\\\\\\\d\\\\\\\\
=007  cr\cn\|||m|||a
=008  210212s1960\\\\sy\ac\\\o\\\\\000\0\ara\d
=040  \\$aZYU$bara$erda$cZYU
=050  \4$aJX1662$b.F28
=100  1\$6880-01$aFawq al-ʻĀdah, Samūḥī,$d1910-
=245  10$6880-02$aAl-Diblūmasiyah wa-al Birutūkūl.
=260  \\$a[Damascus] :$b[publisher not identified],$c[1960]
=300  \\$aonline resource ([vi, 373] pages) :$bportrait
=336  \\$atext$2rdacontent
=337  \\$acomputer$2rdamedia
=338  \\$aonline resource$2rdacarrier
=500  \\$aIncludes glossary of diplomatic terms in French, English and Arabic.
=500  \\$aPart of the Arabic Collections Online (ACO) project, contributed by Princeton University Libraries.
=533  \\$aElectronic reproduction.$bNew York, N.Y. :$cNew York University,$d2021.$5NNU
=650  \0$aDiplomatic etiquette.
=650  \0$aArabic language$vGlossaries, vocabularies, etc.
=650  \7$aArabic language.$2fast$0(OCoLC)fst00812287
=650  \7$aDiplomatic etiquette.$2fast$0(OCoLC)fst00894384
=655  \7$aGlossaries, vocabularies, etc.$2fast$0(OCoLC)fst01423786
=710  2\$aPrinceton University.$bLibrary.
=730  0\$aArabic Collections Online.
=776  08$iPrint version:$aFawq al-ʻĀdah, Samūḥī, 1910-$tAl-Diblūmasiyah wa-al Birutūkūl$w(NjP)2847098$w(OCoLC)7719799
=856  40$uhttp://hdl.handle.net/2333.1/mkkwhj3r 
=880  1\$6100-01$aفوق العادة، سموحي،$d1910-
=880  10$6245-02$aالدبلومسية والبرتوكول.
=959  \\$aNNU$bWEB$cGENI$t0$mElectronic access$s01
=999  \\$iNjP_2847098$o(OCoLC)ocm07719799$sprinceton_aco001979$e(ERROR-880)$sprinceton_aco001979

