=LDR  01958nam a2200409Mi 4500
=001  438796
=003  NjP
=006  m\\\\\\\\d\\\\\\\\
=007  cr\cn\|||m|||a
=008  210212s1982\\\\ir\\\\\\ob\\\\000\0\arar\
=040  \\$aZYU$bara$erda$cZYU
=041  1\$aara$hper
=050  04$aBP170$b.H37 1982
=100  1\$6880-01$aHāshimīʹnizhād, ʻAbd al-Karīm.
=245  10$6880-02$aShubuhāt wa-ḥulūl /$cʻAbd al-Karīm Hāshīmīʹnizhād.
=260  \\$6880-03$a[Tihrān] :$bMunaẓẓamat al-Iʻlām al-Islāmī, Qism al-ʻAlāqāt al-Dawlīyah,$c1982.
=300  \\$aonline resource (97 pages)
=336  \\$atext$2rdacontent
=337  \\$acomputer$2rdamedia
=338  \\$aonline resource$2rdacarrier
=500  \\$aPart of the Arabic Collections Online (ACO) project, contributed by Princeton University Libraries.
=504  \\$aIncludes bibliographical references.
=533  \\$aElectronic reproduction.$bNew York, N.Y. :$cNew York University,$d2021.$5NNU
=650  \0$aIslam$vApologetic works.
=650  \0$aShīʻah$vApologetic works.
=650  \7$aIslam.$2fast$0(OCoLC)fst00979776
=650  \7$aShīʻah.$2fast$0(OCoLC)fst01117946
=655  \7$aApologetic writings.$2fast$0(OCoLC)fst01423698
=710  2\$aPrinceton University.$bLibrary.
=730  0\$aArabic Collections Online.
=776  08$iPrint version:$aHāshimīʹnizhād, ʻAbd al-Karīm.$tShubuhāt wa-ḥulūl$w(NjP)438796$w(DLC)   85124480 $w(OCoLC)13329776
=856  40$uhttp://hdl.handle.net/2333.1/ffbg7md4 
=880  1\$6100-01$aهاشمى‌ژاد، عبد الکرىم.
=880  10$6245-02$aشبهات وحلول /$cعبد الكريم هاشمى‌نژاد.
=880  \\$6260-03$a[تهران] :$bمنظمة الاعلام الاسلامي، قسم العلاقات الدولية،$c1982.
=959  \\$aNNU$bWEB$cGENI$t0$mElectronic access$s01
=999  \\$iNjP_438796$o(OCoLC)ocm13329776$sprinceton_aco003236$e(ERROR-880)$sprinceton_aco003236

