=LDR  01808nam a2200361Mi 4500
=001  416025
=003  NjP
=006  m\\\\\\\\d\\\\\\\\
=007  cr\cn\|||m|||a
=008  210212s1937\\\\ua\abf\\o\\\\f000\0\ara\d
=040  \\$aZYU$bara$erda$cZYU
=043  \\$af-ua---
=100  1\$6880-01$aRashād, Ibrāhīm.
=245  10$6880-02$aWājibunā al-taʻāwunī baʻda al-muʻāhadah /$cmuḥāḍarah alqāhā Ibrāhīm Rashād.
=260  \\$6880-03$aal-Qāhirah :$bWizārat al-Mālīyah, Qism al-Taʻāwun,$c1937.
=300  \\$aonline resource (20 pages, 26 unnumbered pages of plates) :$billustrations, map
=336  \\$atext$2rdacontent
=337  \\$acomputer$2rdamedia
=338  \\$aonline resource$2rdacarrier
=500  \\$aPart of the Arabic Collections Online (ACO) project, contributed by Princeton University Libraries.
=533  \\$aElectronic reproduction.$bNew York, N.Y. :$cNew York University,$d2021.$5NNU
=650  \0$aCooperative societies$zEgypt.
=650  \7$aCooperative societies.$2fast$0(OCoLC)fst00878181
=651  \7$aEgypt.$2fast$0(OCoLC)fst01208755
=710  2\$aPrinceton University.$bLibrary.
=730  0\$aArabic Collections Online.
=776  08$iPrint version:$aRashād, Ibrāhīm.$tWājibunā al-taʻāwunī baʻda al-muʻāhadah$w(NjP)416025$w(OCoLC)81572915
=856  40$uhttp://hdl.handle.net/2333.1/jq2bw19f 
=880  1\$6100-01$aرشاد، ابراهيم.
=880  10$6245-02$aواجبنا التعاوني بعد المعاهدة /$cمحاضرة القاها ابراهيم رشاد.
=880  \\$6260-03$aالقاهرة :$bوزارة المالية، قسم التعاون،$c1937.
=959  \\$aNNU$bWEB$cGENI$t0$mElectronic access$s01
=999  \\$iNjP_416025$o(OCoLC)ocm81572915$sprinceton_aco003723:$e(ERROR-MISC)$sprinceton_aco003723:

