=LDR  05046nam a2200505Mi 4500
=001  128336
=003  NjP
=006  m\\\\\\\\d\\\\\\\\
=007  cr\cn\|||m|||a
=008  210212m19589999ir\\\\\\o\\\\\000\0\ara\d
=040  \\$aZYU$bara$erda$cZYU
=050  \4$aBP156$b.H5618 1958
=100  1\$6880-01$aNajafī, Muḥammad Ḥasan ibn Bāqir,$dapproximately 1788-1850.
=245  10$6880-02$aJawāhir al-Kalām fī sharḥ Sharāʼiʻ al-Islām.
=250  \\$6880-03$aal-Taba'ah 6.
=260  \\$6880-04$aNajaf :$bDār al-Kutub al-Islāmīyah,$c1378- [1958/1959]-
=300  \\$aonline resource (volumes)
=336  \\$atext$2rdacontent
=337  \\$acomputer$2rdamedia
=338  \\$aonline resource$2rdacarrier
=500  \\$a6th ed.
=500  \\$aPlace of publication varies.
=500  \\$aVols. 26-28 edited by ʻAlī al-Ajwandī; vols. 29-40 edited by Maḥmūd al-Qūchānī; vols. 41- edited by Riḍā al-Ustādī.
=500  \\$aPart of the Arabic Collections Online (ACO) project, contributed by Princeton University Libraries.
=533  \\$aElectronic reproduction.$bNew York, N.Y. :$cNew York University,$d2021.$5NNU
=600  10$6880-05$aMuḥaqqiq al-Ḥillī, Jaʻfar ibn al-Ḥasan,$d1205 or 1206-1277.$tSharāʼiʻ al-Islām.
=630  07$aSharāʼiʻ al-Islām (Muḥaqqiq al-Ḥillī, Jaʻfar ibn al-Ḥasan)$2fast$0(OCoLC)fst01370927
=700  1\$6880-06$aAjwandī, ʻAlī.
=700  1\$6880-07$aQūchānī, Maḥmūd.
=700  1\$6880-08$aUstādī, Riz̤ā.
=710  2\$aPrinceton University.$bLibrary.
=730  0\$aArabic Collections Online.
=776  08$iOnline version:$aNajafī, Muḥammad Ḥasan ibn Bāqir, approximately 1788-1850.$tJawāhir al-Kalām fī sharḥ Sharāʼiʻ al-Islām.$dNajaf, Dār al-Kutub al-Islāmīyah, 1378- [1958/59]-$w(OCoLC)557519365
=776  08$iPrint version:$aNajafī, Muḥammad Ḥasan ibn Bāqir, approximately 1788-1850.$tJawāhir al-Kalām fī sharḥ Sharāʼiʻ al-Islām$w(NjP)128336$w(OCoLC)27883315
=856  40$uhttp://hdl.handle.net/2333.1/qnk993mj 
=880  1\$6100-01$aنجفي، محمد حسن بن باقر،$dapproximately 1788-1850.
=880  10$6245-02$aجواهر الكلام في شرح شرائع الإسلام /$cتأليف محمد حسن النجفي ؛ حققه و علق عليه و أشرف على نشره عباس القوچاني.
=880  \\$6250-03$aالطبعة ٦.
=880  \\$6260-04$aنجف :$bدار الكتب الاسلامية،$c1378- [1958/1959]-
=880  14$6600-05$aمحقق الحلي، جعفر بن الحسن.$tشرائع الإسلام.
=880  1\$6700-06$aقوچاني، عباس.
=880  1\$6700-07$aقوچاني، محمود.
=880  1\$6700-08$aاستادى، رضا.
=959  \\$aNNU$bWEB$cGENI$t0$mElectronic access$s01
=999  \\$iNjP_128336$o(OCoLC)ocm27883315$sprinceton_aco004339:v.35$sprinceton_aco004551:v.9$sprinceton_aco004653:v.1$sprinceton_aco004340:v.34$sprinceton_aco004652:v.2$sprinceton_aco004550:v.10$sprinceton_aco004651:v.3$sprinceton_aco004554:v.11$sprinceton_aco004341:v.37$sprinceton_aco004547:v.12$sprinceton_aco004650:v.4$sprinceton_aco004343:v.38$sprinceton_aco004546:v.13$sprinceton_aco004649:v.5$sprinceton_aco004349:v.27$sprinceton_aco004648:v.6$sprinceton_aco004350:v.42$sprinceton_aco004545:v.14$sprinceton_aco004351:v.28$sprinceton_aco004548:v.15$sprinceton_aco004647:v.7$sprinceton_aco004673:v.8$sprinceton_aco004352:v.33$sprinceton_aco004537:v.16$sprinceton_aco004353:v.36$sprinceton_aco004564:v.17$sprinceton_aco004516:v.18$sprinceton_aco004363:v.20$sprinceton_aco004549:v.19$sprinceton_aco004364:v.21$sprinceton_aco004365:v.22$sprinceton_aco004517:v.23$sprinceton_aco004381:v.39$sprinceton_aco004538:v.24$sprinceton_aco004404:v.40$sprinceton_aco004536:v.25$sprinceton_aco004518:v.26$sprinceton_aco004519:v.29$sprinceton_aco004527:v.30$sprinceton_aco004528:v.31$sprinceton_aco004526:v.32$sprinceton_aco004525:v.41$e(ERROR-880)$sprinceton_aco004339:v.35$sprinceton_aco004551:v.9$sprinceton_aco004653:v.1$sprinceton_aco004340:v.34$sprinceton_aco004652:v.2$sprinceton_aco004550:v.10$sprinceton_aco004651:v.3$sprinceton_aco004554:v.11$sprinceton_aco004341:v.37$sprinceton_aco004547:v.12$sprinceton_aco004650:v.4$sprinceton_aco004343:v.38$sprinceton_aco004546:v.13$sprinceton_aco004649:v.5$sprinceton_aco004349:v.27$sprinceton_aco004648:v.6$sprinceton_aco004350:v.42$sprinceton_aco004545:v.14$sprinceton_aco004351:v.28$sprinceton_aco004548:v.15$sprinceton_aco004647:v.7$sprinceton_aco004673:v.8$sprinceton_aco004352:v.33$sprinceton_aco004537:v.16$sprinceton_aco004353:v.36$sprinceton_aco004564:v.17$sprinceton_aco004516:v.18$sprinceton_aco004363:v.20$sprinceton_aco004549:v.19$sprinceton_aco004364:v.21$sprinceton_aco004365:v.22$sprinceton_aco004517:v.23$sprinceton_aco004381:v.39$sprinceton_aco004538:v.24$sprinceton_aco004404:v.40$sprinceton_aco004536:v.25$sprinceton_aco004518:v.26$sprinceton_aco004519:v.29$sprinceton_aco004527:v.30$sprinceton_aco004528:v.31$sprinceton_aco004526:v.32$sprinceton_aco004525:v.41

