=LDR  01779nam a2200349Mi 4500
=001  856725
=003  NjP
=006  m\\\\\\\\d\\\\\\\\
=007  cr\cn\|||m|||a
=008  210212s194u\\\\ua\\\\\\o\\\\\000\0\ara\d
=040  \\$aZYU$bara$erda$cZYU
=100  1\$6880-01$aṢaʻīdī, ʻAbd al-Mutaʻāl,$d1894-
=245  13$6880-02$aal-Aqwal al-ḥisān fī ḥusn Naẓm al-Qurʼān /$ctaʼlīf ʼAbd al-Mutaʻāl al-Ṣaʻīdī.
=260  \\$6880-03$aṬanṭā :$bal-Maṭbaʻah al-ʻUmumīyah,$c[194-]
=300  \\$aonline resource (3 volumes in 1)
=336  \\$atext$2rdacontent
=337  \\$acomputer$2rdamedia
=338  \\$aonline resource$2rdacarrier
=500  \\$aPart of the Arabic Collections Online (ACO) project, contributed by Princeton University Libraries.
=533  \\$aElectronic reproduction.$bNew York, N.Y. :$cNew York University,$d2021.$5NNU
=630  00$aQurʼan$xCriticism, interpretation, etc.
=630  07$aQurʼan.$2fast$0(OCoLC)fst01842877
=655  \7$aCriticism, interpretation, etc.$2fast$0(OCoLC)fst01411635
=710  2\$aPrinceton University.$bLibrary.
=730  0\$aArabic Collections Online.
=776  08$iPrint version:$aṢaʻīdī, ʻAbd al-Mutaʻāl, 1894-$tal-Aqwal al-ḥisān fī ḥusn Naẓm al-Qurʼān$w(NjP)856725$w(OCoLC)29685655
=856  40$uhttp://hdl.handle.net/2333.1/z612jxcr 
=880  1\$6100-01$aصعيدي، عبد المتعال،$d1894-
=880  12$6245-02$aالاقول الحسان في حسن نظم القرآن /$cتأليف ءبد المتعال الصعيدي.
=880  \\$6260-03$aطنطا :$bالمطبعة العمومية،$c[194-]
=959  \\$aNNU$bWEB$cGENI$t0$mElectronic access$s01
=999  \\$iNjP_856725$o(OCoLC)ocm29685655$sprinceton_aco002762$e(ERROR-MISC)$sprinceton_aco002762

