=LDR  03463nam a2200493Mi 4500
=001  2790900
=003  NjP
=006  m\\\\\\\\d\\\\\\\\
=007  cr\cn\|||m|||a
=008  210212s1918\\\\mr\\\\\\o\\\\\000\0cara\d
=040  \\$aZYU$bara$erda$cZYU
=043  \\$af-mr---
=100  1\$6880-01$aMuwaqqit, Muḥammad bin Muḥammad bin ʻAbd Allāh.
=240  10$6880-02$aSaʻādah al-abadīyah fī al-taʻrīf al-mashāhīr al-ḥaḍrah al-Marrākushīyah
=245  13$6880-03$aal-Juzʼ al-awwal[-al-juzʼ al-thānī] min al-Saʻādah al-abadīyah fī al-taʻrīf al-mashāhīr al-ḥaḍrah al-Marrākushīyah /$clil-faqīr Muḥammad bin Muḥammad bin ʻAbd Allāh al-madʻū bi-Ibn Muwaqqat.
=246  30$6880-04$aSaʻādah al-abadīyah fī al-taʻrīf al-mashāhīr al-ḥaḍrah al-Marrākushīyah
=260  \\$6880-05$a[Fès] :$bKātibat Ismāʻīl bin al-Maʼmūn al-Idrīsī al-Qayṭūnī,$c1336 [1918]
=300  \\$aonline resource (2 volumes in 1)
=336  \\$atext$2rdacontent
=337  \\$acomputer$2rdamedia
=338  \\$aonline resource$2rdacarrier
=500  \\$aCaption title.
=500  \\$aPart of the Arabic Collections Online (ACO) project, contributed by Princeton University Libraries.
=533  \\$aElectronic reproduction.$bNew York, N.Y. :$cNew York University,$d2021.$5NNU
=651  \0$aMarrakech (Morocco)$vBiography.
=651  \0$aMarrakech (Morocco)$xHistory.
=650  \0$aArabs$vBiography.
=650  \7$aArabs.$2fast$0(OCoLC)fst00812576
=651  \7$aMorocco$zMarrakech.$2fast$0(OCoLC)fst01211165
=655  \7$aBiographies.$2fast$0(OCoLC)fst01919896
=655  \7$aHistory.$2fast$0(OCoLC)fst01411628
=655  \7$aLithographs$zMorocco$zFès$y1918.$2gmgpc
=710  2\$aPrinceton University.$bLibrary.
=730  0\$aArabic Collections Online.
=776  08$iOnline version:$aMuwaqqat, Muḥammad bin Muḥammad bin ʻAbd Allāh.$sSaʻādah al-abadīyah fī al-taʻrīf al-mashāhīr al-ḥaḍrah al-Marrākushīyah.$tJuzʼ al-awwal[-al-juzʼ al-thānī] min al-Saʻādah al-abadīyah fī al-taʻrīf al-mashāhīr al-ḥaḍrah al-Marrākushīyah.$d[Fès] : Kātibat Ismāʻīl bin al-Maʼmūn al-Idrīsī al-Qayṭūnī, 1336 [1918]$w(OCoLC)656580012
=776  08$iPrint version:$aMuwaqqit, Muḥammad bin Muḥammad bin ʻAbd Allāh.$tal-Juzʼ al-awwal[-al-juzʼ al-thānī] min al-Saʻādah al-abadīyah fī al-taʻrīf al-mashāhīr al-ḥaḍrah al-Marrākushīyah$w(NjP)2790900$w(OCoLC)78114830
=856  40$uhttp://hdl.handle.net/2333.1/xwdbs56s 
=880  1\$6100-01$aموقت، محمد بن محمد بن عبد الله.
=880  10$6240-02$aسعادة الابدية في التعريف المشاهير الحضرة المراكشية
=880  12$6245-03$aالجزء الاول[الجزء الثاني] من السعادة الابدية في التعريف المشاهير الحضرة المراكشية /$cللفقير محمد بن محمد بن عبد الله المدعوا بابن موقة.
=880  30$6246-04$aسعادة الابدية في التعريف المشاهير الحضرة المراكشية
=880  \\$6260-05$a[فاس] :$bكاتبة اسماعيل بن المأمون الادريسي القيطوني،$c1336 [1918]
=959  \\$aNNU$bWEB$cGENI$t0$mElectronic access$s01
=999  \\$iNjP_2790900$o(OCoLC)ocm78114830$sprinceton_aco002483$e(ERROR-880)(ERROR-MISC)$sprinceton_aco002483

