=LDR  02726nam a2200421Mi 4500
=001  2735301
=003  NjP
=006  m\\\\\\\\d\\\\\\\\
=007  cr\cn\|||m|||a
=008  210212s1941\\\\ir\\\\\\o\\\\\000\0\araod
=040  \\$aZYU$bara$erda$cZYU
=050  \4$aBP189$b.S42 1941
=100  1\$6880-01$aShāhʹābādī, Muḥammad ʻAlī,$d1875-1949.
=245  10$6880-02$aHādhihi rashaḥāt al-bukhār wa-qabsāt al-anwār :$bwa-ṭulaʻāt al-asrār wa-qarārat al-abṣār wa-maḥaṭṭ al-afkār wa-khulāṣat al-kutub wa-al-asfār wa-sulālat al-ḥukm wa-jāmiʻat al-kalim min nafaḥāt anfās al-ʻalāmah /$cḤujjat al-Islām Āyat Allāh fī al-anāmir Mawlānā al-Aqā Mīrzā Muḥammad ʻAlī al-shahīr bi-al-Shāhābādī al-Iṣfahānī.
=246  3\$6880-03$aRashaḥāt al-bukhār wa-qabsāt al-anwār
=246  3\$6880-04$aQurʼān wa-al-ʻitrah
=260  \\$6880-05$aṬihrān :$b[publisher not identified],$c1360 [1941]
=300  \\$aonline resource (192 pages)
=336  \\$atext$2rdacontent
=337  \\$acomputer$2rdamedia
=338  \\$aonline resource$2rdacarrier
=500  \\$aPart of the Arabic Collections Online (ACO) project, contributed by Princeton University Libraries.
=533  \\$aElectronic reproduction.$bNew York, N.Y. :$cNew York University,$d2021.$5NNU
=650  \0$aSufism.
=650  \0$aReligious life$xIslam.
=650  \7$aReligious life$xIslam.$2fast$0(OCoLC)fst01094119
=650  \7$aSufism.$2fast$0(OCoLC)fst01137257
=710  2\$aPrinceton University.$bLibrary.
=730  0\$aArabic Collections Online.
=776  08$iPrint version:$aShāhʹābādī, Muḥammad ʻAlī, 1875-1949.$tHādhihi rashaḥāt al-bukhār wa-qabsāt al-anwār$w(NjP)2735301$w(OCoLC)7086200
=856  40$uhttp://hdl.handle.net/2333.1/rn8pk9rr 
=880  1\$6100-01$aشاهابادي، محمد علي،$d1875-1949.
=880  10$6245-02$aهذه رشحات البخار وقبسات الانوار :$bوطلعات الاسرار وقرارة الابصار ومحط الافكار وخلاصة الكتب والاسفار وسلالة الحكم وجامعة الكل من نفحات انفاس العلامة /$cحجة الاسلام آية الله في الانامر مولانا الاقا ميرزا محمد علي الشهير بالشاهابادي الاصفهاني.
=880  3\$6246-03$aرشحات البخار وقبسات الانوار
=880  3\$6246-04$aقرآن والعترة
=880  \\$6260-05$aطهران :$b[publisher not identified],$c1360 [1941]
=959  \\$aNNU$bWEB$cGENI$t0$mElectronic access$s01
=999  \\$iNjP_2735301$o(OCoLC)ocm07086200$sprinceton_aco003143$e(ERROR-880)$sprinceton_aco003143

