=LDR  02277nam a2200445Mi 4500
=001  2788658
=003  NjP
=006  m\\\\\\\\d\\\\\\\\
=007  cr\cn\|||m|||a
=008  210212s1971\\\\ir\\\\\\o\\\\\000\0\ara\d
=040  \\$aZYU$bara$erda$cZYU
=100  1\$6880-01$aTihrānī, Muḥammad Hādī ibn Muḥammad Amīn,$d-1903 or 1904.
=245  10$6880-02$aWadāyiʻ al-nubūwah.
=260  \\$6880-03$aQum :$bMaktabat Dār al-ʻIlm,$c1391 [1971]
=300  \\$aonline resource (407 pages)
=336  \\$atext$2rdacontent
=337  \\$acomputer$2rdamedia
=338  \\$aonline resource$2rdacarrier
=490  1\$6880-04$aManshūrāt Maktabat Dār al-ʻIlm, Āyat Allāh al-Bihbihānī bi-Ahwāz
=500  \\$aPart of the Arabic Collections Online (ACO) project, contributed by Princeton University Libraries.
=533  \\$aElectronic reproduction.$bNew York, N.Y. :$cNew York University,$d2021.$5NNU
=546  \\$aIn Arabic.
=650  \0$aPurity, Ritual$xIslam.
=650  \0$aIslamic law.
=650  \0$aShiites.
=650  \7$aIslamic law.$2fast$0(OCoLC)fst00979949
=650  \7$aPurity, Ritual$xIslam.$2fast$0(OCoLC)fst01084388
=650  \7$aShiites.$2fast$0(OCoLC)fst01115976
=710  2\$aPrinceton University.$bLibrary.
=730  0\$aArabic Collections Online.
=776  08$iPrint version:$aTihrānī, Muḥammad Hādī ibn Muḥammad Amīn, -1903 or 1904.$tWadāyiʻ al-nubūwah$w(NjP)2788658$w(OCoLC)42887188
=830  \0$6880-05$aManshūrāt Maktabat Dār al-ʻIlm, Āyat Allāh al-Bihbihānī bi-Ahwāz.
=856  40$uhttp://hdl.handle.net/2333.1/1c5b062d 
=880  1\$6100-01$aتهراني، محمد هادي بن محمد امين،$d-1903 or 1904.
=880  10$6245-02$aودايع النبوة /$cمن تأليفات هادي الطهراني.
=880  \\$6260-03$aقم :$bمكتبة دار العلم،$c1391 [1971]
=880  1\$6490-04$aمنشورات مكتبة دار العلم، آية الله البهبهاني بأهواز
=880  \0$6830-05$aمنشورات مكتبة دار العلم، آية الله البهبهاني بأهواز.
=959  \\$aNNU$bWEB$cGENI$t0$mElectronic access$s01
=999  \\$iNjP_2788658$o(OCoLC)ocm42887188$sprinceton_aco003208$e(ERROR-880)(ERROR-MISC)$sprinceton_aco003208

