=LDR  01582nam a2200373Mi 4500
=001  2944841
=003  NjP
=006  m\\\\\\\\d\\\\\\\\
=007  cr\cn\|||m|||a
=008  210212s1929\\\\ua\\\\\\o\\\\\000\0\ara\d
=040  \\$aZYU$bara$erda$cZYU
=100  0\$6880-01$aQāsim Amīn,$d1863-1908.
=245  10$6880-02$aTaḥrīr al-marʼah.
=260  \\$6880-03$a[al-Qāhirah] :$bMaktabat al-Jāmiʻah,$c1347 [1928 or 1929]
=300  \\$aonline resource (166 pages)
=336  \\$atext$2rdacontent
=337  \\$acomputer$2rdamedia
=338  \\$aonline resource$2rdacarrier
=500  \\$aPart of the Arabic Collections Online (ACO) project, contributed by Princeton University Libraries.
=533  \\$aElectronic reproduction.$bNew York, N.Y. :$cNew York University,$d2021.$5NNU
=546  \\$aIn Arabic.
=650  \0$aWomen's rights.
=650  \0$aMuslim women.
=650  \7$aMuslim women.$2fast$0(OCoLC)fst01030996
=650  \7$aWomen's rights.$2fast$0(OCoLC)fst01178818
=710  2\$aPrinceton University.$bLibrary.
=730  0\$aArabic Collections Online.
=776  08$iPrint version:$aQāsim Amīn, 1863-1908.$tTaḥrīr al-marʼah$w(NjP)2944841$w(OCoLC)43212904
=856  40$uhttp://hdl.handle.net/2333.1/t4b8h4pg 
=880  0\$6100-01$aقاسم امين،$d1863-1908.
=880  10$6245-02$aتحرير المرأة.
=880  \\$6260-03$a[القاهرة] :$bمكتبة الجامعة،$c1347 [1928 or 1929]
=959  \\$aNNU$bWEB$cGENI$t0$mElectronic access$s01
=999  \\$iNjP_2944841$o(OCoLC)ocm43212904$sprinceton_aco004626:$e(ERROR-MISC)$sprinceton_aco004626:

