=LDR  01698nam a2200373Mi 4500
=001  501103
=003  NjP
=006  m\\\\\\\\d\\\\\\\\
=007  cr\cn\|||m|||a
=008  210212s1987\\\\ir\\\\\\o\\\\\000\0\ara\d
=040  \\$aZYU$bara$erda$cZYU
=041  1\$aara$hper
=100  1\$6880-01$aMuṭahharī, Murtaz̤á.
=245  13$6880-02$aal-Taʻarruf ʻalá al-Qurʼān al-karīm /$cal-muʼallif Murtaḍá al-Muṭahharī.
=250  \\$6880-03$aal-Ṭabʻah 2.
=260  \\$6880-04$a[Iran] :$bMunaẓẓamat al-Iʻlām al-Islāmī,$c1987.
=300  \\$aonline resource (79 pages)
=336  \\$atext$2rdacontent
=337  \\$acomputer$2rdamedia
=338  \\$aonline resource$2rdacarrier
=500  \\$aPart of the Arabic Collections Online (ACO) project, contributed by Princeton University Libraries.
=533  \\$aElectronic reproduction.$bNew York, N.Y. :$cNew York University,$d2021.$5NNU
=630  00$aQurʼan.
=630  07$aQurʼan.$2fast$0(OCoLC)fst01842877
=710  2\$aPrinceton University.$bLibrary.
=730  0\$aArabic Collections Online.
=776  08$iPrint version:$aMuṭahharī, Murtaz̤á.$tal-Taʻarruf ʻalá al-Qurʼān al-karīm$w(NjP)501103$w(OCoLC)83572323
=856  40$uhttp://hdl.handle.net/2333.1/3j9kdfz0 
=880  1\$6100-01$aمطهرى، مرتضى.
=880  12$6245-02$aالتعرف على القرآن الكريم /$cالمؤلف مرتضى المطهري.
=880  \\$6250-03$aالطبعة 2.
=880  \\$6260-04$a[ايران] :$bمنظمة الاعلام الاسلامي،$c1987.
=959  \\$aNNU$bWEB$cGENI$t0$mElectronic access$s01
=999  \\$iNjP_501103$o(OCoLC)ocm83572323$sprinceton_aco002773$e(ERROR-MISC)$sprinceton_aco002773

