=LDR  01789nam a2200397Mi 4500
=001  823893
=003  NjP
=006  m\\\\\\\\d\\\\\\\\
=007  cr\cn\|||m|||a
=008  210212s1983\\\\ir\\\\\\ob\\\\000\0dara\d
=040  \\$aZYU$bara$erda$cZYU
=245  03$6880-01$aal-Imām al-Kāẓim, ʻalayhi al-salām.
=250  \\$6880-02$aal-Ṭabʻah 1.
=260  \\$6880-03$aJumhūrīyat Īrān al-Islāmīyah :$bDār al-Tawḥīd,$c1983.
=300  \\$aonline resource (143 pages)
=336  \\$atext$2rdacontent
=337  \\$acomputer$2rdamedia
=338  \\$aonline resource$2rdacarrier
=490  1\$6880-04$aAhl al-bayt ;$v9
=500  \\$aPart of the Arabic Collections Online (ACO) project, contributed by Princeton University Libraries.
=504  \\$aIncludes bibliographical references.
=533  \\$aElectronic reproduction.$bNew York, N.Y. :$cNew York University,$d2021.$5NNU
=600  00$aMūsá al-Kāẓim ibn Jaʻfar,$d745?-799.
=600  07$aMūsá al-Kāẓim ibn Jaʻfar,$d745?-799$2fast$0(OCoLC)fst00160385
=710  2\$aPrinceton University.$bLibrary.
=730  0\$aArabic Collections Online.
=776  08$iPrint version:$tal-Imām al-Kāẓim, ʻalayhi al-salām$w(NjP)823893$w(OCoLC)28579312
=830  \0$6880-05$aAhl al-bayt ;$v9.
=856  40$uhttp://hdl.handle.net/2333.1/76hdrjv0 
=880  02$6245-01$aالامام الكاظم، عليه السلام.
=880  \\$6250-02$aالطبعة 1.
=880  \\$6260-03$aجمهورية ايران الاسلامية :$bدار التوحيد،$c1983.
=880  1\$6490-04$aاهل البيت ؛$v9
=880  \0$6830-05$aاهل البيت ؛$v9.
=959  \\$aNNU$bWEB$cGENI$t0$mElectronic access$s01
=999  \\$iNjP_823893$o(OCoLC)ocm28579312$sprinceton_aco003265$e(ERROR-MISC)$sprinceton_aco003265

