=LDR  02594nam a2200373Mi 4500
=001  198963
=003  NjP
=006  m\\\\\\\\d\\\\\\\\
=007  cr\cn\|||m|||a
=008  210212m19751981ir\\\\\\ob\\\\000\0\ara\d
=040  \\$aZYU$bara$erda$cZYU
=100  1\$6880-01$aPūr al-Shahriḍāʼī, Muḥammad ʻAlī al-Ismāʻīl.
=245  10$6880-02$aMajmaʻ al-afkār wa-maṭraḥ al-anẓār :$btaqrīrāt baḥth al-uṣūl li-shaykh al-fuqahāʼ wa-al-mujtahidīn Āyat Allāh al-ʻUẓmá al-Ḥājj Mīrzā Hāshim al-Āmilī al-Najafī, madda ẓillahu al-ʻālī /$ctaʼlīf Muḥammad ʻAlī al-Ismāʻīl Pūr al-Shahriḍāʼī.
=260  \\$6880-03$a[Iran] :$bM.ʻA. al-I. Pūr al-Shahriḍāʼī,$c1395-1402 [1975-1981]
=300  \\$aonline resource (3 volumes)
=336  \\$atext$2rdacontent
=337  \\$acomputer$2rdamedia
=338  \\$aonline resource$2rdacarrier
=500  \\$aPart of the Arabic Collections Online (ACO) project, contributed by Princeton University Libraries.
=504  \\$aIncludes bibliographical references.
=533  \\$aElectronic reproduction.$bNew York, N.Y. :$cNew York University,$d2021.$5NNU
=650  \0$aIslam$xCustoms and practices.
=650  \0$aShīʻah.
=650  \7$aIslam$xCustoms and practices.$2fast$0(OCoLC)fst00979785
=650  \7$aShīʻah.$2fast$0(OCoLC)fst01117946
=710  2\$aPrinceton University.$bLibrary.
=730  0\$aArabic Collections Online.
=776  08$iPrint version:$aPūr al-Shahriḍāʼī, Muḥammad ʻAlī al-Ismāʻīl.$tMajmaʻ al-afkār wa-maṭraḥ al-anẓār$w(NjP)198963$w(OCoLC)23932229
=856  40$uhttp://hdl.handle.net/2333.1/x95x6ms3 
=880  1\$6100-01$aپور الشهرضائي، محمد على الاسماعىل.
=880  10$6245-02$aمجمع الافكار ومطرح الانظار :$bتقريرات بحث الاصول لشيخ الفقهاء والمجتهدين آية الله العظمى الحاج ميرزا هاشم الاملي النجفي، مد ظله العالي /$cتأليف محمد علي الاسماعيل پور الشهرضائي.
=880  \\$6260-03$a[ايران] :$bم.ع. الا. پور الشهرضائي،$c1395-1402 [1975-1981]
=959  \\$aNNU$bWEB$cGENI$t0$mElectronic access$s01
=999  \\$iNjP_198963$o(OCoLC)ocm23932229$sprinceton_aco002966:Juz 1$sprinceton_aco002973:Juz 3$sprinceton_aco002965:Juz 4$sprinceton_aco003238:Juz 5$sprinceton_aco002995:Juz2$e(ERROR-MISC)$sprinceton_aco002966:Juz 1$sprinceton_aco002973:Juz 3$sprinceton_aco002965:Juz 4$sprinceton_aco003238:Juz 5$sprinceton_aco002995:Juz2

