=LDR  01913nam a2200385Mi 4500
=001  408209
=003  NjP
=006  m\\\\\\\\d\\\\\\\\
=007  cr\cn\|||m|||a
=008  210212m19859999ir\\\\\\ob\\\\000\0\ara\d
=040  \\$aZYU$bara$erda$cZYU
=100  1\$6880-01$aMuẓaffarī, Muḥammad.
=245  10$6880-02$aĪḍāḥ al-ḥujjah fī sharḥ al-ʻUrwah /$ctaʼlīf Muḥammad al-Muẓaffarī.
=260  \\$6880-03$aQum :$bal-Maṭbaʻah al-ʻIlmīyah,$c1405- [1985-]
=300  \\$aonline resource (volumes)
=336  \\$atext$2rdacontent
=337  \\$acomputer$2rdamedia
=338  \\$aonline resource$2rdacarrier
=500  \\$aPart of the Arabic Collections Online (ACO) project, contributed by Princeton University Libraries.
=504  \\$aIncludes bibliographical references.
=533  \\$aElectronic reproduction.$bNew York, N.Y. :$cNew York University,$d2021.$5NNU
=600  10$aṬabāṭabāʼī al-Yazdī, Muḥammad Kāẓim,$d-1919.$tʻUrwah al-wuthqá.
=650  \0$aIslam$xCustoms and practices.
=650  \0$aShīʻah.
=650  \7$aIslam$xCustoms and practices.$2fast$0(OCoLC)fst00979785
=650  \7$aShīʻah.$2fast$0(OCoLC)fst01117946
=710  2\$aPrinceton University.$bLibrary.
=730  0\$aArabic Collections Online.
=776  08$iPrint version:$aMuẓaffarī, Muḥammad.$tĪḍāḥ al-ḥujjah fī sharḥ al-ʻUrwah$w(NjP)408209$w(OCoLC)23932341
=856  40$uhttp://hdl.handle.net/2333.1/95x6b07p 
=880  1\$6100-01$aمظفرى، محمد.
=880  10$6245-02$aايضاح الحجة في شرح العروة /$cتأليف محمد المظفري.
=880  \\$6260-03$aقم :$bالمطبعة العلمية،$c1405- [1985-]
=959  \\$aNNU$bWEB$cGENI$t0$mElectronic access$s01
=999  \\$iNjP_408209$o(OCoLC)ocm23932341$sprinceton_aco003226:juz 2$sprinceton_aco003490:juz 1$e(ERROR-MISC)$sprinceton_aco003226:juz 2$sprinceton_aco003490:juz 1

