=LDR  01939nam a2200349Mi 4500
=001  2579844
=003  NjP
=006  m\\\\\\\\d\\\\\\\\
=007  cr\cn\|||m|||a
=008  210212s1919\\\\le\\\\\\o\\\\\000\0\ara\d
=040  \\$aZYU$bara$erda$cZYU
=100  1\$6880-01$aDaryān, Yūsuf.
=245  10$6880-02$aNubdhah tārīkhīyah fī aṣl al-ṭāʼifah al-Mārūnīyah wa-istiqlālihā bi-Jabal Lubnān min qadīm al-dahr ḥattá al-ān.
=260  \\$6880-03$aBayrūt :$bal-Maṭbaʻah al-ʻIlmiyah,$c1919.
=300  \\$aonline resource (526 pages)
=336  \\$atext$2rdacontent
=337  \\$acomputer$2rdamedia
=338  \\$aonline resource$2rdacarrier
=500  \\$aPart of the Arabic Collections Online (ACO) project, contributed by Princeton University Libraries.
=533  \\$aElectronic reproduction.$bNew York, N.Y. :$cNew York University,$d2021.$5NNU
=546  \\$aTitle-page and text in Arabic.
=500  \\$a3d printing, revised.
=710  2\$aPrinceton University.$bLibrary.
=730  0\$aArabic Collections Online.
=776  08$iOnline version:$aDuryān, Yūsuf.$tNabdhah taʼrīkhīyah fi aṣl al-ṭaʼifah al-Mārūnīyah .$dBayrūt, 1919$w(OCoLC)657167838
=776  08$iPrint version:$aDaryān, Yūsuf.$tNubdhah tārīkhīyah fī aṣl al-ṭāʼifah al-Mārūnīyah wa-istiqlālihā bi-Jabal Lubnān min qadīm al-dahr ḥattá al-ān$w(NjP)2579844$w(OCoLC)41972772
=856  40$uhttp://hdl.handle.net/2333.1/j6q57dn3 
=880  1\$6100-01$aدريان، يوسف.
=880  10$6245-02$aنبذة تاريخية في اصل الطائفة المارونية واستقلالها بجبل لبنان من قديم الدهر حتى الان.
=880  \\$6260-03$aبيروت :$bالمطبعة العلمية،$c1919.
=959  \\$aNNU$bWEB$cGENI$t0$mElectronic access$s01
=999  \\$iNjP_2579844$o(OCoLC)ocm41972772$sprinceton_aco004418:$e(ERROR-MISC)$sprinceton_aco004418:

