=LDR  01725nam a2200361Mi 4500
=001  774919
=003  NjP
=006  m\\\\\\\\d\\\\\\\\
=007  cr\cn\|||m|||a
=008  210212s1924\\\\ua\\\\\\o\\\\\000\0\ara\d
=040  \\$aZYU$bara$erda$cZYU
=245  00$6880-01$aInjīl Barnābā :$btafakuhat fī maʻraḍ al-dīn.
=250  \\$6880-02$aṬabʻah 3.
=260  \\$6880-03$aMiṣr :$bal-Maktabah al-Inklīzīyah,$c1924.
=300  \\$aonline resource (60 pages)
=336  \\$atext$2rdacontent
=337  \\$acomputer$2rdamedia
=338  \\$aonline resource$2rdacarrier
=500  \\$a"Majmūʻat fuṣūl intīqādīyah mabnīyah ʻalá ḥaqāʼiq rāhinah tufannidu aqwāl hadhā "al-Injīl" wa-tadḥadu daʻāwīh."
=500  \\$aPart of the Arabic Collections Online (ACO) project, contributed by Princeton University Libraries.
=533  \\$aElectronic reproduction.$bNew York, N.Y. :$cNew York University,$d2021.$5NNU
=630  00$aGospel of Barnabas$xCriticism, interpretation, etc.
=630  07$aGospel of Barnabas.$2fast$0(OCoLC)fst01361776
=655  \7$aCriticism, interpretation, etc.$2fast$0(OCoLC)fst01411635
=710  2\$aPrinceton University.$bLibrary.
=730  0\$aArabic Collections Online.
=776  08$iPrint version:$tInjīl Barnābā$w(NjP)774919$w(OCoLC)27152107
=856  40$uhttp://hdl.handle.net/2333.1/nk98sr9j 
=880  00$6245-01$aانجيل برنابا :$bتفكهة في معرض الدين.
=880  \\$6250-02$aطبعة 3.
=880  \\$6260-03$aمصر :$bالمكتبة الانكليزية،$c1924.
=959  \\$aNNU$bWEB$cGENI$t0$mElectronic access$s01
=999  \\$iNjP_774919$o(OCoLC)ocm27152107$sprinceton_aco003649:$e(ERROR-MISC)$sprinceton_aco003649:

