=LDR  01843nam a2200385Mi 4500
=001  2787530
=003  NjP
=006  m\\\\\\\\d\\\\\\\\
=007  cr\cn\|||m|||a
=008  210212m1962uuuuiq\\\\\\o\\\\\000\0\ara\d
=040  \\$aZYU$bara$erda$cZYU
=100  1\$6880-01$aShāhrūdī, Maḥmūd al-Ḥusaynī.
=245  10$6880-02$aḤāshiyat al-ʻurwah al-wuthqá.
=260  \\$6880-03$aal-Najaf :$bMaṭbaʻat al-Qaḍāʼ,$c1382- [1962 or 1963-]
=300  \\$aonline resource (volumes)
=336  \\$atext$2rdacontent
=337  \\$acomputer$2rdamedia
=338  \\$aonline resource$2rdacarrier
=500  \\$aPart of the Arabic Collections Online (ACO) project, contributed by Princeton University Libraries.
=533  \\$aElectronic reproduction.$bNew York, N.Y. :$cNew York University,$d2021.$5NNU
=650  \0$aIslam$xCustoms and practices.
=650  \0$aShiites.
=600  10$aṬabāṭabāʼī al-Yazdī, Muḥammad Kāẓim,$d-1919.
=600  17$aṬabāṭabāʼī al-Yazdī, Muḥammad Kāẓim,$d-1919$2fast$0(OCoLC)fst01849999
=650  \7$aIslam$xCustoms and practices.$2fast$0(OCoLC)fst00979785
=650  \7$aShiites.$2fast$0(OCoLC)fst01115976
=710  2\$aPrinceton University.$bLibrary.
=730  0\$aArabic Collections Online.
=776  08$iPrint version:$aShāhrūdī, Maḥmūd al-Ḥusaynī.$tḤāshiyat al-ʻurwah al-wuthqá$w(NjP)2787530$w(OCoLC)42852203
=856  40$uhttp://hdl.handle.net/2333.1/t1g1k6x5 
=880  1\$6100-01$aشاهرودي، محمود الحسيني.
=880  10$6245-02$aحاشية العروة الوثقى.
=880  \\$6260-03$aالنجف :$bمطبعة القضاء،$c1382- [1962 or 1963-]
=959  \\$aNNU$bWEB$cGENI$t0$mElectronic access$s01
=999  \\$iNjP_2787530$o(OCoLC)ocm42852203$sprinceton_aco003340:vol.1$e(ERROR-MISC)$sprinceton_aco003340:vol.1

