=LDR  02186nam a2200445Mi 4500
=001  463444
=003  NjP
=006  m\\\\\\\\d\\\\\\\\
=007  cr\cn\|||m|||a
=008  210212m19079999le\\\\\\o\\\\\000\0\ara\d
=040  \\$aZYU$bara$erda$cZYU
=043  \\$aa-sy---
=100  1\$6880-01$aDibs, Yūsuf,$d1911-
=240  10$6880-02$aTārīkh Sūrīyah.$kSelections
=245  10$6880-03$aMukhtaṣar Tārīkh Sūrīyah /$clil-muftaqir ilá ʻafw rabbihi Yūsuf al-Dibs.
=260  \\$6880-04$aBayrūt :$bal-Maṭbaʻah al-ʻUmūmīyah al-Mārūnīyah,$c1907-
=300  \\$aonline resource (volumes)
=336  \\$atext$2rdacontent
=337  \\$acomputer$2rdamedia
=338  \\$aonline resource$2rdacarrier
=500  \\$aCover title: al-Juzʼ al-thānī min al-Mūjaz fī tārīkh Sūrīyah.
=500  \\$aPart of the Arabic Collections Online (ACO) project, contributed by Princeton University Libraries.
=533  \\$aElectronic reproduction.$bNew York, N.Y. :$cNew York University,$d2021.$5NNU
=651  \0$aSyria$xHistory.
=651  \7$aSyria.$2fast$0(OCoLC)fst01208757
=655  \7$aHistory.$2fast$0(OCoLC)fst01411628
=710  2\$aPrinceton University.$bLibrary.
=730  0\$aArabic Collections Online.
=740  0\$6880-05$aMūjaz fī tārīkh Sūrīyah.
=740  0\$6880-06$aJuzʼ al-thānī min al-Mūjaz fī tārīkh Sūrīyah.
=776  08$iPrint version:$aDibs, Yūsuf, 1911-$tMukhtaṣar Tārīkh Sūrīyah$w(NjP)463444$w(OCoLC)78026963
=856  40$uhttp://hdl.handle.net/2333.1/k0p2nshk 
=880  1\$6100-01$aدبس، يوسف،$d1911-
=880  10$6240-02$aتاريخ سورية.$kSelections
=880  10$6245-03$aمختصر تاريخ سورية /$cللمفتقر الى عفو ربه يوسف الدبس.
=880  \\$6260-04$aبيروت :$bالمطبعة العمومية المارونية،$c1907-
=880  0\$6740-05$aموجز في تاريخ سورية.
=880  0\$6740-06$aجزء الثاني من الموجز في تاريخ سورية.
=959  \\$aNNU$bWEB$cGENI$t0$mElectronic access$s01
=999  \\$iNjP_463444$o(OCoLC)ocm78026963$sprinceton_aco003782:$e(ERROR-MISC)$sprinceton_aco003782:

