=LDR  01895nam a2200385Mi 4500
=001  182018
=003  NjP
=006  m\\\\\\\\d\\\\\\\\
=007  cr\cn\|||m|||a
=008  210212s1946\\\\ua\\\\\\o\\\\\000\0\ara\d
=040  \\$aZYU$bara$erda$cZYU
=041  1\$aara$hger
=100  1\$aGoethe, Johann Wolfgang von,$d1749-1832.
=240  10$aIphigenie.$lArabic
=245  10$6880-01$aĪfīchīnīya ; Igmunt /$cJūytih = Goethe ; tarjimahumā ʻan al-Almānīyah Maḥmūd Ibrāhīm al-Disūqī.
=246  3\$6880-02$aIgmūnt
=260  \\$6880-03$aal-Qāhirah :$bMaktabat al-Nahḍah al-Miṣrīyah,$c1946.
=300  \\$aonline resource (8, 165 pages)
=336  \\$atext$2rdacontent
=337  \\$acomputer$2rdamedia
=338  \\$aonline resource$2rdacarrier
=500  \\$aPart of the Arabic Collections Online (ACO) project, contributed by Princeton University Libraries.
=533  \\$aElectronic reproduction.$bNew York, N.Y. :$cNew York University,$d2021.$5NNU
=700  1\$6880-04$aDisūqī, Maḥmūd Ibrāhīm.
=700  12$aGoethe, Johann Wolfgang von,$d1749-1832.$tEgmont.$lArabic.
=710  2\$aPrinceton University.$bLibrary.
=730  0\$aArabic Collections Online.
=776  08$iPrint version:$aGoethe, Johann Wolfgang von, 1749-1832.$tĪfīchīnīya ; Igmunt$w(NjP)182018$w(OCoLC)27983348
=856  40$uhttp://hdl.handle.net/2333.1/9zw3rc34 
=880  10$6245-01$aايفيچيني ؛ اگمنت /$cجويته = Goethe ؛ ترجمهما عن الالمانية محمود ابراهيم الدسوقي.
=880  3\$6246-02$aاگمونت
=880  \\$6260-03$aالقاهرة :$bمكتبة النهضة المصرية،$c1946.
=880  1\$6700-04$aدسوقي، محمود ابراهيم.
=959  \\$aNNU$bWEB$cGENI$t0$mElectronic access$s01
=999  \\$iNjP_182018$o(OCoLC)ocm27983348$sprinceton_aco002797$e(ERROR-880)(ERROR-MISC)$sprinceton_aco002797

