=LDR  03745nam a2200505Mi 4500
=001  388213
=003  NjP
=006  m\\\\\\\\d\\\\\\\\
=007  cr\cn\|||m|||a
=008  210212m19849999ir\h\\\\ob\\\\000\0\ara\d
=040  \\$aZYU$bara$erda$cZYU
=100  1\$6880-01$aBaraghānī, Muḥammad Ṣāliḥ,$d-approximately 1853.
=240  10$6880-02$aMawsūʻat al-Baraghānī fī fiqh al-Shīʻah
=245  10$6880-03$aMawsūʻat al-Baraghānī fī fiqh al-Shīʻah, al-musammāh bi-Ghanīmat al-maʻād fī sharḥ al-irshād /$ctaʼlīf Muḥammad Ṣāliḥ al-Baraghānī al-Qazwīnī al-Ḥāʼirī ; taḥqīq wa-taqdīm ʻAbd al-Ḥusayn al-Ṣāliḥī.
=246  3\$6880-04$aMawsūʻat al-Baraghānī fī fiqh al-Shīʻah
=246  3\$6880-05$aGhanīmat al-maʻād fī sharḥ al-irshād
=260  \\$6880-06$aṬihrān :$bNamāyashgāh-i Dāʼimī-i Kitāb,$c1405 [1984 or 1985]-
=300  \\$aonline resource (volumes) :$bfacsimiles
=336  \\$atext$2rdacontent
=337  \\$acomputer$2rdamedia
=338  \\$aonline resource$2rdacarrier
=500  \\$a"Kitāb fiqhī istidlālī riwāʼī istaʻāna bi-hi al-shaykh Muḥammad Ḥasan ṣāḥib al-Jawāhir fī mawsūʻat al-fiqhīyah (al-Jawāhir)."
=500  \\$aIntroduction dated 1405 [1984 or 5].
=500  \\$aPart of the Arabic Collections Online (ACO) project, contributed by Princeton University Libraries.
=504  \\$aIncludes bibliographical references.
=505  1\$av. 1. Kitāb al-ṭahārah, qism 1 -- v. 2. Kitāb al-ṭahārah, qism 2 -- v. 3. Kitāb al-ṣalāh, qism 1 -- v. 4. Kitāb al-ṣalāh, qism 2 -- v. 5. Kitāb al-ṣalāh, qism 3 -- v. 6 Kitāb al-ṣalāh, gism 4.
=533  \\$aElectronic reproduction.$bNew York, N.Y. :$cNew York University,$d2021.$5NNU
=650  \0$aIslamic law$xInterpretation and construction.
=650  \0$aShiites.
=650  \7$aIslamic law$xInterpretation and construction.$2fast$0(OCoLC)fst00979955
=650  \7$aShiites.$2fast$0(OCoLC)fst01115976
=700  1\$6880-07$aṢāliḥī, ʻAbd al-Ḥusayn.
=710  2\$aPrinceton University.$bLibrary.
=730  0\$aArabic Collections Online.
=776  08$iPrint version:$aBaraghānī, Muḥammad Ṣāliḥ, -approximately 1853.$tMawsūʻat al-Baraghānī fī fiqh al-Shīʻah, al-musammāh bi-Ghanīmat al-maʻād fī sharḥ al-irshād$w(NjP)388213$w(OCoLC)22315105
=856  40$uhttp://hdl.handle.net/2333.1/7d7wmd8w 
=880  1\$6100-01$aبرغاني، محمد صالح،$d-approximately 1853.
=880  10$6240-02$aموسوعة البرغاني في فقه الشيعة
=880  10$6245-03$aموسوعة البرغاني في فقه الشيعة، المسماه بغنيمة المعاد في شرح الارشاد /$cتأليف محمد صالح البرغاني القزويني الحائري ؛ تحقيق وتقديم عبد الحسين الصالحي.
=880  3\$6246-04$aموسوعة البرغاني في فقه الشيعة
=880  3\$6246-05$aغنيمة المعاد في شرح الارشاد
=880  \\$6260-06$aطهران :$bنماىشگاه دائمى کتاب،$c1405 [1984 or 1985]-
=880  1\$6700-07$aصالحي، عبد الحسين.
=959  \\$aNNU$bWEB$cGENI$t0$mElectronic access$s01
=999  \\$iNjP_388213$o(OCoLC)ocm22315105$sprinceton_aco003346:juz 1$sprinceton_aco003347:juz 2$sprinceton_aco003514:juz 3$sprinceton_aco003367:juz 4$sprinceton_aco003366:juz 5$sprinceton_aco003365:juz 6$sprinceton_aco003513:juz 7$e(ERROR-MISC)$sprinceton_aco003346:juz 1$sprinceton_aco003347:juz 2$sprinceton_aco003514:juz 3$sprinceton_aco003367:juz 4$sprinceton_aco003366:juz 5$sprinceton_aco003365:juz 6$sprinceton_aco003513:juz 7

