=LDR  01990nam a2200397Mi 4500
=001  820215
=003  NjP
=006  m\\\\\\\\d\\\\\\\\
=007  cr\cn\|||m|||a
=008  210212s1990\\\\ir\a\\\\o\\\\\001\0\ara\d
=040  \\$aZYU$bara$erda$cZYU
=100  0\$6880-01$aZayn al-ʻĀbidīn ʻAlī ibn al-Ḥusayn,$d-710?
=240  10$6880-02$aṢaḥīfah al-kāmilah
=245  13$6880-03$aal-Ṣaḥīfah al-sajjādīyah al-jāmiʻah li-adʻīyah /$cʻAlī ibn al-Ḥusayn.
=250  \\$6880-04$aal-Ṭabʻah 1.
=260  \\$6880-05$aQum :$bMuʼassasat al-Imām al-Mahdī,$c1411 [1990]
=300  \\$aonline resource (866 pages, [1] folded leaf) :$billustrations
=336  \\$atext$2rdacontent
=337  \\$acomputer$2rdamedia
=338  \\$aonline resource$2rdacarrier
=500  \\$aIncludes indexes.
=500  \\$aPart of the Arabic Collections Online (ACO) project, contributed by Princeton University Libraries.
=533  \\$aElectronic reproduction.$bNew York, N.Y. :$cNew York University,$d2021.$5NNU
=650  \0$aShīʻah$xPrayers and devotions$xArabic$vEarly works to 1800.
=655  \7$aEarly works.$2fast$0(OCoLC)fst01411636
=710  2\$aPrinceton University.$bLibrary.
=730  0\$aArabic Collections Online.
=776  08$iPrint version:$aZayn al-ʻĀbidīn ʻAlī ibn al-Ḥusayn, -710?$tal-Ṣaḥīfah al-sajjādīyah al-jāmiʻah li-adʻīyah$w(NjP)820215$w(OCoLC)28518671
=856  40$uhttp://hdl.handle.net/2333.1/bnzs7t53 
=880  0\$6100-01$aزين العابدين علي بن الحسين،$d-710?
=880  10$6240-02$aصحيفة الكاملة
=880  12$6245-03$aالصحيفة السجادية الجامعة لادعية /$cعلي بن الحسين.
=880  \\$6250-04$aالطبعة 1.
=880  \\$6260-05$aقم :$bمؤسسة الامام المهدي،$c1411 [1990]
=959  \\$aNNU$bWEB$cGENI$t0$mElectronic access$s01
=999  \\$iNjP_820215$o(OCoLC)ocm28518671$sprinceton_aco003578:$e(ERROR-MISC)$sprinceton_aco003578:

