=LDR  02965nam a2200517Mi 4500
=001  1547923
=003  NjP
=006  m\\\\\\\\d\\\\\\\\
=007  cr\cn\|||m|||a
=008  210212s1933\\\\le\c\\\\o\\\\\000\0\ara\d
=040  \\$aZYU$bara$erda$cZYU
=041  1\$aara$hger
=043  \\$aar-----
=050  14$aDS59 .G4 N6519 1933
=082  04$a917.4$bN714p
=100  1\$aNöldeke, Theodor,$d1836-1930.
=245  10$6880-01$aʼUmarāʼ Ghassān /$cli-Thīwadūr Nūldakah, wa-hiyá risālatuhu : ʼUmarāʼ Ghassān min al-Jafnah al-latī nasharathā Ikadimiyat al-ʻUlūm al-Brūsiyāniyah fī Barlīn ; naqalah ilá al- ʻArabīyah wa-aḍāf ilayhā taṣḥiḥat muʼallifahā al-Bandalī Jawzī wa-Qusṭanṭīn Zurayq.
=246  1\$aThe princes of Ghassān from the house of Gafna
=260  \\$6880-02$aBayrūt :$bal-Maṭbaʻah al-Kāthulīkiyah,$c1933.
=300  \\$aonline resource ([4], 82, 12 pages,) :$bfrontispiece (including portrait).
=336  \\$atext$2rdacontent
=337  \\$acomputer$2rdamedia
=338  \\$aonline resource$2rdacarrier
=490  1\$aAmerican University of Beirut. Faculty of Arts and Sciences. Publications: Oriental series,$vno. 4
=500  \\$aPart of the Arabic Collections Online (ACO) project, contributed by Princeton University Libraries.
=533  \\$aElectronic reproduction.$bNew York, N.Y. :$cNew York University,$d2021.$5NNU
=651  \0$aGhassan (Kingdom) Arabia.
=651  \0$aArabian Peninsula$xHistory.
=651  \7$aArabian Peninsula.$2fast$0(OCoLC)fst01240131
=651  \7$aGhassān.$2nli
=651  \7$aArabian Peninsula$xHistory.$2nli
=655  \7$aHistory.$2fast$0(OCoLC)fst01411628
=700  1\$aJousé, Pendali,$etranslator.
=700  1\$6880-03$aZurayq, Qusṭanṭīn,$d1909-$etranslator.
=700  1\$6880-04$aZhuze, Panteleĭmon Krestovich,$d1871-
=710  2\$aPrinceton University.$bLibrary.
=730  0\$aArabic Collections Online.
=776  08$iPrint version:$aNöldeke, Theodor, 1836-1930.$tʼUmarāʼ Ghassān$w(NjP)1547923$w(OCoLC)7497823
=810  2\$aAmerican University of Beirut.$bFaculty of Arts and Sciences.$tPublications: Oriental series ;$vno. 4.
=856  40$uhttp://hdl.handle.net/2333.1/5hqbzwhk 
=880  10$6245-01$aأمراء غسان /$cلثيودور نولدكة، وهيى رسالته : ءامراء غسان من الجفنة اللتي نشرثا اكدمية العلوم البروسيانية في برلين ؛ نقلة الى ال عربية واضاف اليها تصححة مؤلفها البندلي جوزي وقسطنطين زريق.
=880  \\$6260-02$aبيروت :$bالمطبعة الكاثوليكية،$c1933.
=880  1\$6700-03$aزريق، قسطنطين،$d1909-$etranslator.
=880  1\$6700-04$aجوزي، بندلي،$d1871-
=959  \\$aNNU$bWEB$cGENI$t0$mElectronic access$s01
=999  \\$iNjP_1547923$o(OCoLC)ocm07497823$sprinceton_aco003970:$e(ERROR-880)$sprinceton_aco003970:

