=LDR  01967nam a2200373Mi 4500
=001  501486
=003  NjP
=006  m\\\\\\\\d\\\\\\\\
=007  cr\cn\|||m|||a
=008  210212s1983\\\\ir\\\\\\ob\\\f000\0\ara\d
=040  \\$aZYU$bara$erda$cZYU
=100  1\$6880-01$aMuṭahharī, Murtaz̤á.
=245  13$6880-02$aal-Insān wa-al-qadar /$cĀyat Allāh al-Shahīd al-Muṭahharī ; [al-mutarjim, Muḥammad ʻAlī al-Taskhīrī].
=250  \\$6880-03$aal-Ṭabʻah 4.
=260  \\$6880-04$aṬihrān :$bMunaẓẓamat al-Iʻlām al-Islāmī, Muʻāwunīyat al-ʻAlāqāt al-Dawlīyah,$c1987.
=300  \\$aonline resource (87 pages)
=336  \\$atext$2rdacontent
=337  \\$acomputer$2rdamedia
=338  \\$aonline resource$2rdacarrier
=500  \\$aPart of the Arabic Collections Online (ACO) project, contributed by Princeton University Libraries.
=504  \\$aIncludes bibliographical references.
=533  \\$aElectronic reproduction.$bNew York, N.Y. :$cNew York University,$d2021.$5NNU
=650  \0$aFree will and determinism$xReligious aspects$xIslam.
=650  \7$aFree will and determinism$xReligious aspects$xIslam.$2fast$0(OCoLC)fst00933979
=710  2\$aPrinceton University.$bLibrary.
=730  0\$aArabic Collections Online.
=776  08$iPrint version:$aMuṭahharī, Murtaz̤á.$tal-Insān wa-al-qadar$w(NjP)501486$w(OCoLC)22322873
=856  40$uhttp://hdl.handle.net/2333.1/hhmgqznb 
=880  1\$6100-01$aمطهرى، مرتضى.
=880  12$6245-02$aالانسان والقدر /$cآىة الله الشهىد المطهرى ؛ [المترجم، محمد على التسخىرى].
=880  \\$6250-03$aالطبعة 4.
=880  \\$6260-04$aطهران :$bمنظمة الاعلام الاسلامي، معاونية العلاقات الدولية،$c1987.
=959  \\$aNNU$bWEB$cGENI$t0$mElectronic access$s01
=999  \\$iNjP_501486$o(OCoLC)ocm22322873$sprinceton_aco003844:$e(ERROR-MISC)$sprinceton_aco003844:

