=LDR  01651nam a2200373Mi 4500
=001  2787052
=003  NjP
=006  m\\\\\\\\d\\\\\\\\
=007  cr\cn\|||m|||a
=008  210212s1959\\\\sy\\\\\\o\\\\\000\0\ara\d
=040  \\$aZYU$bara$erda$cZYU
=043  \\$aa-sy---
=100  1\$6880-01$aal-ʻAjlānī, ʻAdnān,$d1917-
=245  13$6880-02$aal-Qaḍāʼ al-idārī wa-majlis al-dawlah.
=260  \\$6880-03$aDimashq :$bMaṭbaʻat Jāmiʻat Dimashq,$c1959.
=300  \\$aonline resource (373 pages)
=336  \\$atext$2rdacontent
=337  \\$acomputer$2rdamedia
=338  \\$aonline resource$2rdacarrier
=500  \\$aPart of the Arabic Collections Online (ACO) project, contributed by Princeton University Libraries.
=533  \\$aElectronic reproduction.$bNew York, N.Y. :$cNew York University,$d2021.$5NNU
=546  \\$aIn Arabic.
=650  \0$aAdministrative law$zSyria.
=650  \7$aAdministrative law.$2fast$0(OCoLC)fst00796846
=651  \7$aSyria.$2fast$0(OCoLC)fst01208757
=710  2\$aPrinceton University.$bLibrary.
=730  0\$aArabic Collections Online.
=776  08$iPrint version:$aal-ʻAjlānī, ʻAdnān, 1917-$tal-Qaḍāʼ al-idārī wa-majlis al-dawlah$w(NjP)2787052$w(OCoLC)42840823
=856  40$uhttp://hdl.handle.net/2333.1/98sf7x29 
=880  1\$6100-01$aالعجلاني، عدنان،$d1917-
=880  12$6245-02$aالقضاء الاداري ومجلس الدولة.
=880  \\$6260-03$aدمشق :$bمطبعة جامعة دمشق،$c1959.
=959  \\$aNNU$bWEB$cGENI$t0$mElectronic access$s01
=999  \\$iNjP_2787052$o(OCoLC)ocm42840823$sprinceton_aco001967$e(ERROR-MISC)$sprinceton_aco001967

