=LDR  01659nam a2200349Mi 4500
=001  2787398
=003  NjP
=006  m\\\\\\\\d\\\\\\\\
=007  cr\cn\|||m|||a
=008  210212s1963\\\\sy\\\\\\o\\\\\000\0\ara\d
=040  \\$aZYU$bara$erda$cZYU
=100  1\$6880-01$aĀl Yūsuf, ʻAlī ibn Sulaymān,$ecompiler.
=245  10$6880-02$aArbaḥ al-biḍāʻah fī muʻtaqad ahl al-Sunnah wa-al-jamāʻah.
=250  \\$6880-03$a[al-Ṭabʻah 2.].
=260  \\$6880-04$aDimashq :$bal-Maktab al-Islāmī,$c[1963]
=300  \\$aonline resource (81 pages)
=336  \\$atext$2rdacontent
=337  \\$acomputer$2rdamedia
=338  \\$aonline resource$2rdacarrier
=500  \\$aPart of the Arabic Collections Online (ACO) project, contributed by Princeton University Libraries.
=533  \\$aElectronic reproduction.$bNew York, N.Y. :$cNew York University,$d2021.$5NNU
=650  \0$aIslam$xDoctrines.
=710  2\$aPrinceton University.$bLibrary.
=730  0\$aArabic Collections Online.
=776  08$iPrint version:$aĀl Yūsuf, ʻAlī ibn Sulaymān, compiler.$tArbaḥ al-biḍāʻah fī muʻtaqad ahl al-Sunnah wa-al-jamāʻah$w(NjP)2787398$w(OCoLC)42847350
=856  40$uhttp://hdl.handle.net/2333.1/2ngf25hm 
=880  1\$6100-01$aآل يوسف، علي بن سليمان.
=880  10$6245-02$aاربح البضاعة في معتقد اهل السنة والجماعة.
=880  \\$6250-03$a[الطبعة 2.].
=880  \\$6260-04$aدمشق :$bالمكتب الاسلامي،$c[1963]
=959  \\$aNNU$bWEB$cGENI$t0$mElectronic access$s01
=999  \\$iNjP_2787398$o(OCoLC)ocm42847350$sprinceton_aco002889$e(ERROR-MISC)$sprinceton_aco002889

