=LDR  01720nam a2200349Mi 4500
=001  388818
=003  NjP
=006  m\\\\\\\\d\\\\\\\\
=007  cr\cn\|||m|||a
=008  210212s1945\\\\ua\\\\\\o\\\\\000\0aara\d
=040  \\$aZYU$bara$erda$cZYU
=100  1\$6880-01$aGorky, Maksim,$d1868-1936.
=245  10$6880-02$aDhikrayāt Maksīm Jūrkī /$cMāksīm Jūrkī ; tarjamat ʻAbd al-Muʻīn al-Mallūḥī.
=260  \\$6880-03$aal-Qāhirah :$bDār al-Qarn al-ʻIshrīn,$c1945.
=300  \\$aonline resource (184 pages)
=336  \\$atext$2rdacontent
=337  \\$acomputer$2rdamedia
=338  \\$aonline resource$2rdacarrier
=500  \\$aAt head of title: Lajnat Nashr al-Thaqāfah al-Jadīdah.
=500  \\$aPart of the Arabic Collections Online (ACO) project, contributed by Princeton University Libraries.
=533  \\$aElectronic reproduction.$bNew York, N.Y. :$cNew York University,$d2021.$5NNU
=600  10$aGorky, Maksim,$d1868-1936.
=600  17$aGorky, Maksim,$d1868-1936.$2fast$0(OCoLC)fst00061536
=710  2\$aPrinceton University.$bLibrary.
=730  0\$aArabic Collections Online.
=776  08$iPrint version:$aGorky, Maksim, 1868-1936.$tDhikrayāt Maksīm Jūrkī$w(NjP)388818$w(OCoLC)80057607
=856  40$uhttp://hdl.handle.net/2333.1/c59zwds1 
=880  1\$6100-01$aجوركي، مكسيم،$d1868-1936.
=880  10$6245-02$aذكريات مكسيم جوركي /$cماكسيم جوركي ؛ ترجمة عبد المعين الملوحي.
=880  \\$6260-03$aالقاهرة :$bدار القرن العشرين،$c1945.
=959  \\$aNNU$bWEB$cGENI$t0$mElectronic access$s01
=999  \\$iNjP_388818$o(OCoLC)ocm80057607$sprinceton_aco002883$e(ERROR-MISC)$sprinceton_aco002883

