=LDR  02822nam a2200457Mi 4500
=001  799824
=003  NjP
=006  m\\\\\\\\d\\\\\\\\
=007  cr\cn\|||m|||a
=008  210212m19839999ir\\\\\\ob\\\\000\0\ara\d
=040  \\$aZYU$bara$erda$cZYU
=100  1\$6880-01$aFāz̤il Lankarānī, Muḥammad.
=240  10$6880-02$aTafṣīl al-sharīʻah fī sharḥ Taḥrīr al-wasīlah
=245  10$6880-03$aAḥkām al-takhallī wa-al-wuḍūʼ min kitāb Tafṣīl al-sharīʻah fī sharḥ Taḥrīr al-wasīlah /$cbi-qalam Muḥammad al-Muwaḥḥidī al-Lankarānī al-shahīr bi-al-Fāḍil.
=246  3\$6880-04$aTafṣīl al-sharīʻah fī sharḥ Taḥrīr al-wasīlah
=260  \\$6880-05$aQum :$bJāmiʻat al-Mudarrisīn fī al-Ḥawzah al-ʻIlmīyah,$c1403- [1983-]
=300  \\$aonline resource (volumes)
=336  \\$atext$2rdacontent
=337  \\$acomputer$2rdamedia
=338  \\$aonline resource$2rdacarrier
=500  \\$aVol. title preceeds title on title pages.
=500  \\$aPart of the Arabic Collections Online (ACO) project, contributed by Princeton University Libraries.
=504  \\$aIncludes bibliographical references.
=505  1\$aal-juzʼ 3. Aḥkām al-takhallī wa-al-wuḍūʼ.
=533  \\$aElectronic reproduction.$bNew York, N.Y. :$cNew York University,$d2021.$5NNU
=600  10$aKhomeini, Ruhollah.$tTaḥrīr al-wasīlah.
=650  \0$aIslamic law$xInterpretation and construction.
=650  \7$aIslamic law$xInterpretation and construction.$2fast$0(OCoLC)fst00979955
=710  2\$aPrinceton University.$bLibrary.
=730  0\$aArabic Collections Online.
=740  0\$6880-06$aTafṣīl al-sharīʻah fī sharḥ Taḥrīr al-wasīlah.
=776  08$iPrint version:$aFāz̤il Lankarānī, Muḥammad.$tAḥkām al-takhallī wa-al-wuḍūʼ min kitāb Tafṣīl al-sharīʻah fī sharḥ Taḥrīr al-wasīlah$w(NjP)799824$w(OCoLC)27946905
=856  40$uhttp://hdl.handle.net/2333.1/fqz61ck5 
=880  1\$6100-01$aفاضل لنکرانى، محمد.
=880  10$6240-02$aتفصيل الشريعة في شرح تحرير الوسيلة
=880  10$6245-03$aاحكام التخلي والوضوء من كتاب تفصيل الشريعة في شرح تحرير الوسيلة /$cبقلم محمد الموحدي اللنكراني الشهير بالفاضل.
=880  3\$6246-04$aتفصيل الشريعة في شرح تحرير الوسيلة
=880  \\$6260-05$aقم :$bجامعة المدرسين في الحوزة العلمية،$c١٤٠٣- [١٩٨٣-]
=880  0\$6740-06$aتفصيل الشريعة في شرح تحرير الوسيلة.
=959  \\$aNNU$bWEB$cGENI$t0$mElectronic access$s01
=999  \\$iNjP_799824$o(OCoLC)ocm27946905$sprinceton_aco003565:juz 3$e(ERROR-MISC)$sprinceton_aco003565:juz 3

