=LDR  01803nam a2200349Mi 4500
=001  2786672
=003  NjP
=006  m\\\\\\\\d\\\\\\\\
=007  cr\cn\|||m|||a
=008  210212s195u\\\\su\\\\\\o\\\\\000\0\ara\d
=040  \\$aZYU$bara$erda$cZYU
=100  1\$6880-01$aĀl Muʻammar, Ḥamad ibn Nāṣir,$d1747-1810.
=245  13$6880-02$aal-Fawākih al-ʻidhāb fī al-radd ʻalá man lam yuḥakkim al-sunnah wa-al-Kitāb.
=300  \\$6880-03$aonline resource (al-Riyāḍ) :$bMuʼassasat al-Nūr lil-Ṭibāʻah wa-al-tajlīd,
=300  \\$aonline resource (78 pages)
=336  \\$atext$2rdacontent
=337  \\$acomputer$2rdamedia
=338  \\$aonline resource$2rdacarrier
=500  \\$aPart of the Arabic Collections Online (ACO) project, contributed by Princeton University Libraries.
=533  \\$aElectronic reproduction.$bNew York, N.Y. :$cNew York University,$d2021.$5NNU
=546  \\$aIn Arabic.
=650  \0$aWahhābīyah.
=650  \7$aWahhābīyah.$2fast$0(OCoLC)fst01169912
=710  2\$aPrinceton University.$bLibrary.
=730  0\$aArabic Collections Online.
=776  08$iPrint version:$aĀl Muʻammar, Ḥamad ibn Nāṣir, 1747-1810.$tal-Fawākih al-ʻidhāb fī al-radd ʻalá man lam yuḥakkim al-sunnah wa-al-Kitāb$w(NjP)2786672$w(OCoLC)42830705
=856  40$uhttp://hdl.handle.net/2333.1/4qrfjhrt 
=880  1\$6100-01$aآل معمر، حمد بن ناصر،$d1747-1810.
=880  12$6245-02$aالفواكه العذاب في الرد على من لم يحكم السنة والكتاب.
=880  \\$6300-03$aالرياض :$bمؤسسة النور للطباعة والتجليد،$c[195-?]
=959  \\$aNNU$bWEB$cGENI$t0$mElectronic access$s01
=999  \\$iNjP_2786672$o(OCoLC)ocm42830705$sprinceton_aco003669:$e(ERROR-MISC)$sprinceton_aco003669:

