=LDR  01502nam a2200349Mi 4500
=001  2788045
=003  NjP
=006  m\\\\\\\\d\\\\\\\\
=007  cr\cn\|||m|||a
=008  210212s1961\\\\sy\a\\\\of\\\\000\0\ara\d
=040  \\$aZYU$bara$erda$cZYU
=100  1\$6880-01$aKhāṭir, Murshid,$d1888-
=245  10$6880-02$aFann al-tamrīd.
=260  \\$6880-03$aDimashq :$bMaṭbaʻat Jāmiʻat Dimashq,$c[1961]
=300  \\$aonline resource (691 pages) :$billustrations
=336  \\$atext$2rdacontent
=337  \\$acomputer$2rdamedia
=338  \\$aonline resource$2rdacarrier
=500  \\$aPart of the Arabic Collections Online (ACO) project, contributed by Princeton University Libraries.
=533  \\$aElectronic reproduction.$bNew York, N.Y. :$cNew York University,$d2021.$5NNU
=546  \\$aIn Arabic.
=650  \0$aNurses and nursing$vHandbooks, manuals, etc.
=655  \7$aHandbooks and manuals.$2fast$0(OCoLC)fst01423877
=710  2\$aPrinceton University.$bLibrary.
=730  0\$aArabic Collections Online.
=776  08$iPrint version:$aKhāṭir, Murshid, 1888-$tFann al-tamrīd$w(NjP)2788045$w(OCoLC)42865703
=856  40$uhttp://hdl.handle.net/2333.1/000008zd 
=880  1\$6100-01$aخاطر، مرشد،$d1888-
=880  10$6245-02$aفن التمريض.
=880  \\$6260-03$aدمشق :$bمطبعة جامعة دمشق،$c[1961]
=959  \\$aNNU$bWEB$cGENI$t0$mElectronic access$s01
=999  \\$iNjP_2788045$o(OCoLC)ocm42865703$sprinceton_aco002561$e(ERROR-MISC)$sprinceton_aco002561

