=LDR  01972nam a2200349Mi 4500
=001  2788070
=003  NjP
=006  m\\\\\\\\d\\\\\\\\
=007  cr\cn\|||m|||a
=008  210212s1961\\\\sy\a\\\\o\\\\\000\0\ara\d
=040  \\$aZYU$bara$erda$cZYU
=110  2\$6880-01$aMuʼassasat al-Lājiʼīn al-Filasṭīnīyīn al-ʻArab (Syria).$bal-Mudīrīyah al-ʻĀmmah.
=245  10$6880-02$aMan hum? ... :$bal-lājiʼūn al-Filasṭīnīyūn /$cal-lājiʼūn al-Filasṭīnīyūn.
=260  \\$6880-03$a[Damascus] : Mudīrīyah al-ʻĀmmah L-Muʼassasat al-Lājiʼīn al-Filasṭīnīyīn al-ʻArab,$c[1961]
=300  \\$aonline resource (47 pages) :$billustrations
=336  \\$atext$2rdacontent
=337  \\$acomputer$2rdamedia
=338  \\$aonline resource$2rdacarrier
=500  \\$aPart of the Arabic Collections Online (ACO) project, contributed by Princeton University Libraries.
=533  \\$aElectronic reproduction.$bNew York, N.Y. :$cNew York University,$d2021.$5NNU
=546  \\$aIn Arabic.
=650  \0$aRefugees, Arab.
=650  \7$aRefugees, Arab.$2fast$0(OCoLC)fst01092853
=710  2\$aPrinceton University.$bLibrary.
=730  0\$aArabic Collections Online.
=776  08$iPrint version:$aMuʼassasat al-Lājiʼīn al-Filasṭīnīyīn al-ʻArab (Syria). al-Mudīrīyah al-ʻĀmmah.$tMan hum?$w(NjP)2788070$w(OCoLC)42865737
=856  40$uhttp://hdl.handle.net/2333.1/1zcrjqhv 
=880  2\$6110-01$aمؤسسة اللاجئين الفلسطينيين العرب (سوريا).$bالمديرية العامة.
=880  10$6245-02$aمن هم؟ ... :$bاللاجئون الفلسطينيون /$cاللاجئون الفلسطينيون.
=880  \\$6260-03$a[دمشق] : مديرية العامة لمؤسسة اللاجئين الفلسطينيين العرب،$c[1961]
=959  \\$aNNU$bWEB$cGENI$t0$mElectronic access$s01
=999  \\$iNjP_2788070$o(OCoLC)ocm42865737$sprinceton_aco002061$e(ERROR-MISC)$sprinceton_aco002061

