=LDR  01630nam a2200349Mi 4500
=001  2834968
=003  NjP
=006  m\\\\\\\\d\\\\\\\\
=007  cr\cn\|||m|||a
=008  210212s1916\\\\ua\\\\\\o\\\\\000\0\ara\d
=040  \\$aZYU$bara$erda$cZYU
=100  0\$6880-01$aGhazzālī,$d1058-1111.
=245  10$6880-02$aIḥyāʼ al-ʻUlūm.
=260  \\$a[Cairo] :$b[publisher not identified],$c1334 A.H. [i.e. 1916]
=300  \\$aonline resource (4 volumes)
=336  \\$atext$2rdacontent
=337  \\$acomputer$2rdamedia
=338  \\$aonline resource$2rdacarrier
=500  \\$aPart of the Arabic Collections Online (ACO) project, contributed by Princeton University Libraries.
=533  \\$aElectronic reproduction.$bNew York, N.Y. :$cNew York University,$d2021.$5NNU
=546  \\$aT.-p. and text in Arabic.
=500  \\$aThe renaissance of learning.
=650  \7$aIslamic ethics.$2fast$0(OCoLC)fst00979936
=650  \7$aSufism.$2fast$0(OCoLC)fst01137257
=710  2\$aPrinceton University.$bLibrary.
=730  0\$aArabic Collections Online.
=776  08$iPrint version:$aGhazzālī, 1058-1111.$tIḥyāʼ al-ʻUlūm$w(NjP)2834968$w(OCoLC)42915173
=856  40$uhttp://hdl.handle.net/2333.1/m0cfz0sx 
=880  0\$6100-01$aغزالي،$d1058-1111.
=880  10$6245-02$aاحياء العلوم.
=959  \\$aNNU$bWEB$cGENI$t0$mElectronic access$s01
=999  \\$iNjP_2834968$o(OCoLC)ocm42915173$sprinceton_aco004246:v.1$sprinceton_aco004192:v.2$sprinceton_aco004247:v.3$sprinceton_aco004248:v.4$e(ERROR-880)(ERROR-MISC)$sprinceton_aco004246:v.1$sprinceton_aco004192:v.2$sprinceton_aco004247:v.3$sprinceton_aco004248:v.4

