=LDR  01244nam a2200313Mi 4500
=001  451192
=003  NjP
=006  m\\\\\\\\d\\\\\\\\
=007  cr\cn\|||m|||a
=008  210212s1924\\\\ua\\\\\\o\\\\\000\0\ara\d
=040  \\$aZYU$bara$erda$cZYU
=130  0\$6880-01$aQurʼan.
=245  10$6880-02$aQur'ān karīm.
=260  \\$6880-03$aMiṣr :$bAḥmad Ḥalīm,$c1343 [1924]
=300  \\$aonline resource (525 pages)
=336  \\$atext$2rdacontent
=337  \\$acomputer$2rdamedia
=338  \\$aonline resource$2rdacarrier
=500  \\$aPart of the Arabic Collections Online (ACO) project, contributed by Princeton University Libraries.
=533  \\$aElectronic reproduction.$bNew York, N.Y. :$cNew York University,$d2021.$5NNU
=710  2\$aPrinceton University.$bLibrary.
=730  0\$aArabic Collections Online.
=776  08$iPrint version:$tQur'ān karīm$w(NjP)451192$w(OCoLC)79913174
=856  40$uhttp://hdl.handle.net/2333.1/m0cfz0rp 
=880  0\$6130-01$aقرأن.
=880  10$6245-02$aقرآن كريم.
=880  \\$6260-03$aمصر :$bاحمد حليم،$c1343 [1924]
=959  \\$aNNU$bWEB$cGENI$t0$mElectronic access$s01
=999  \\$iNjP_451192$o(OCoLC)ocm79913174$sprinceton_aco004461:$e(ERROR-MISC)$sprinceton_aco004461:

