=LDR  01798nam a2200361Mi 4500
=001  480328
=003  NjP
=006  m\\\\\\\\d\\\\\\\\
=007  cr\cn\|||m|||a
=008  210212s1984\\\\ir\\\\\\o\\\\\000\0\ara\d
=040  \\$aZYU$bara$erda$cZYU
=043  \\$aaw-----$aff-----
=100  1\$6880-01$aShīrāzī, Muḥammad al-Mahdī al-Ḥusaynī.
=245  10$6880-02$aMin awwalīyāt al-dawlah al-Islāmīyah /$cbi-qalam Muḥammad al-Shīrāzī.
=260  \\$6880-03$a[Iran] :$bHayʼat Fāṭimah al-Zahrāʼ,$c1405 [1984 or 1985]
=300  \\$aonline resource (160 pages)
=336  \\$atext$2rdacontent
=337  \\$acomputer$2rdamedia
=338  \\$aonline resource$2rdacarrier
=500  \\$aPart of the Arabic Collections Online (ACO) project, contributed by Princeton University Libraries.
=533  \\$aElectronic reproduction.$bNew York, N.Y. :$cNew York University,$d2021.$5NNU
=651  \0$aIslamic Empire$xCivilization.
=650  \7$aCivilization.$2fast$0(OCoLC)fst00862898
=651  \7$aIslamic Empire.$2fast$0(OCoLC)fst01244134
=710  2\$aPrinceton University.$bLibrary.
=730  0\$aArabic Collections Online.
=776  08$iPrint version:$aShīrāzī, Muḥammad al-Mahdī al-Ḥusaynī.$tMin awwalīyāt al-dawlah al-Islāmīyah$w(NjP)480328$w(OCoLC)26476468
=856  40$uhttp://hdl.handle.net/2333.1/83bk3vc6 
=880  1\$6100-01$aشيرازي، محمد المهدي الحسيني.
=880  10$6245-02$aمن اوليات الدولة الاسلامية /$cبقلم محمد الشيرازي.
=880  \\$6260-03$a[ايران] :$bهيئة فاطمة الزهراء،$c1405 [1984 or 1985]
=959  \\$aNNU$bWEB$cGENI$t0$mElectronic access$s01
=999  \\$iNjP_480328$o(OCoLC)ocm26476468$sprinceton_aco003713:$e(ERROR-MISC)$sprinceton_aco003713:

