=LDR  01865nam a2200385Mi 4500
=001  1167498
=003  NjP
=006  m\\\\\\\\d\\\\\\\\
=007  cr\cn\|||m|||a
=008  210212s1977\\\\ir\\\\\\o\\\\\000\0\ara\d
=040  \\$aZYU$bara$erda$cZYU
=100  1\$6880-01$aWāsiʻī al-Zanjānī, ʻAbd al-Raḥīm.
=240  10$6880-02$aIrth
=245  10$6880-03$aKitāb al-Irth :$bfiqh al-istidlālī /$cli-muʼallifihi ʻAbd al-Raḥīm al-Wāsiʻī al-Zanjānī.
=246  30$6880-04$aIrth
=260  \\$6880-05$aTihrān :$bChāpkhānah-i Firdawsī,$c1397 [1977]
=300  \\$aonline resource (480 pages)
=336  \\$atext$2rdacontent
=337  \\$acomputer$2rdamedia
=338  \\$aonline resource$2rdacarrier
=500  \\$aPart of the Arabic Collections Online (ACO) project, contributed by Princeton University Libraries.
=533  \\$aElectronic reproduction.$bNew York, N.Y. :$cNew York University,$d2021.$5NNU
=650  \0$aInheritance and succession (Islamic law)
=650  \7$aInheritance and succession (Islamic law)$2fast$0(OCoLC)fst00973401
=710  2\$aPrinceton University.$bLibrary.
=730  0\$aArabic Collections Online.
=776  08$iPrint version:$aWāsiʻī al-Zanjānī, ʻAbd al-Raḥīm.$tKitāb al-Irth$w(NjP)1167498$w(OCoLC)37581779
=856  40$uhttp://hdl.handle.net/2333.1/gmsbcp37 
=880  1\$6100-01$aواسعي الزنجاني، عبد الرحيم.
=880  10$6240-02$aارث
=880  10$6245-03$aكتاب الارث :$bفقه الاستدلالي /$cلمؤلفه عبد الرحيم الواسعي الزنجاني.
=880  30$6246-04$aارث
=880  \\$6260-05$aتهران :$bچاپخانه فردوسى،$c1397 [1977]
=959  \\$aNNU$bWEB$cGENI$t0$mElectronic access$s01
=999  \\$iNjP_1167498$o(OCoLC)ocm37581779$sprinceton_aco003702:$e(ERROR-880)(ERROR-MISC)$sprinceton_aco003702:

