=LDR  02465nam a2200373Mi 4500
=001  2769499
=003  NjP
=006  m\\\\\\\\d\\\\\\\\
=007  cr\cn\|||m|||a
=008  210212s1961\\\\ir\\\\\\o\\\\\000\0\ara\d
=040  \\$aZYU$bara$erda$cZYU
=100  1\$6880-01$aKulaynī, Muḥammad ibn Yaʻqūb,$d-941?
=245  13$6880-02$aal-Uṣūl min al-Kāfī /$ctaʼlīf Abī Jaʻfar Muḥammad ibn Yaʻqūb ibn Isḥāq al-Kulaynī al-Rāzī ; maʻa al-sharḥ wa-al-tarjamah bi-qalam Muḥammad Bāqir al-Kamraʼī ; ṣaḥḥaḥahu wa-qābalahu ʻalá ʻiddat nusakh khaṭṭīyah thamīnah Muḥammad al-Bāqir al-Bahbūdī, ʻAlī Akbar al-Ghaffārī.
=260  \\$6880-03$aṬihrān :$bal-Maktabah al-Islāmīyah,$c1381 [1961 or 1962]
=300  \\$aonline resource (2 volumes)
=336  \\$atext$2rdacontent
=337  \\$acomputer$2rdamedia
=338  \\$aonline resource$2rdacarrier
=500  \\$aIn Arabic.
=500  \\$aPart of the Arabic Collections Online (ACO) project, contributed by Princeton University Libraries.
=533  \\$aElectronic reproduction.$bNew York, N.Y. :$cNew York University,$d2021.$5NNU
=650  \0$aHadith (Shiites)
=650  \7$aHadith (Shiites)$2fast$0(OCoLC)fst00950138
=700  1\$6880-04$aGhaffārī, ʻAlī Akbar.
=710  2\$aPrinceton University.$bLibrary.
=730  0\$aArabic Collections Online.
=776  08$iPrint version:$aKulaynī, Muḥammad ibn Yaʻqūb, -941?$tal-Uṣūl min al-Kāfī$w(NjP)2769499$w(OCoLC)32439206
=856  40$uhttp://hdl.handle.net/2333.1/k6djhmx8 
=880  1\$6100-01$aكليني، محمد بن يعقوب،$d-941?
=880  12$6245-02$aالاصول من الكافي /$cتأليف ابي جعفر محمد بن يعقوب بن اسحاق الكليني الرازي ؛ مع الشرح والترجمة بقلم محمد باقر الكمرأي ؛ صححه وقابله على عدة نسخ خطية ثمينة محمد الباقر البهبودي، علي اكبر الغفاري.
=880  \\$6260-03$aطهران :$bالمكتبة الاسلامية،$c1381 [1961 ر 1962]
=880  1\$6700-04$aغفاري، علي اكبر.
=959  \\$aNNU$bWEB$cGENI$t0$mElectronic access$s01
=999  \\$iNjP_2769499$o(OCoLC)ocm32439206$sprinceton_aco004406:v.2$sprinceton_aco004603:v.1$sprinceton_aco004671:v.3$sprinceton_aco004672:v.4$e(ERROR-MISC)$sprinceton_aco004406:v.2$sprinceton_aco004603:v.1$sprinceton_aco004671:v.3$sprinceton_aco004672:v.4

