=LDR  01915nam a2200361Mi 4500
=001  416045
=003  NjP
=006  m\\\\\\\\d\\\\\\\\
=007  cr\cn\|||m|||a
=008  210212s1956\\\\iq\\\\\\ob\\\\000\0\ara\d
=040  \\$aZYU$bara$erda$cZYU
=100  1\$6880-01$aĀl ʻUṣfūr, Bāqir ibn Aḥmad ibn Khalaf,$d1885 or 1886-
=245  13$6880-02$aal-Mazāyā wa-al-aḥkām li-ism Nabī al-Islām /$ctaʼlīf Bāqir ibn ... Aḥmad ibn ... Khalaf Āl ʻUṣfūr.
=260  \\$6880-03$aal-Najaf :$bMaktabat al-Najāḥ,$c1956.
=300  \\$aonline resource (68 pages)
=336  \\$atext$2rdacontent
=337  \\$acomputer$2rdamedia
=338  \\$aonline resource$2rdacarrier
=500  \\$aPart of the Arabic Collections Online (ACO) project, contributed by Princeton University Libraries.
=504  \\$aIncludes bibliographical references.
=533  \\$aElectronic reproduction.$bNew York, N.Y. :$cNew York University,$d2021.$5NNU
=600  00$aMuḥammad,$cProphet,$d-632$xName.
=600  07$aMuḥammad,$cProphet,$d-632.$2fast$0(OCoLC)fst01836298
=650  \7$aNames.$2fast$0(OCoLC)fst01032344
=710  2\$aPrinceton University.$bLibrary.
=730  0\$aArabic Collections Online.
=776  08$iPrint version:$aĀl ʻUṣfūr, Bāqir ibn Aḥmad ibn Khalaf, 1885 or 1886-$tal-Mazāyā wa-al-aḥkām li-ism Nabī al-Islām$w(NjP)416045$w(OCoLC)81421583
=856  40$uhttp://hdl.handle.net/2333.1/wm37q5sm 
=880  1\$6100-01$aآل عصفور، باقر بن احمد بن خلف،$d1885 or 1886-
=880  12$6245-02$aالمزايا والاحكام لاسم نبي الاسلام /$cتأليف باقر بن ... احمد بن ... خلف آل عصفور.
=880  \\$6260-03$aالنجف :$bمكتبة النجاح،$c1956.
=959  \\$aNNU$bWEB$cGENI$t0$mElectronic access$s01
=999  \\$iNjP_416045$o(OCoLC)ocm81421583$sprinceton_aco003843:$e(ERROR-MISC)$sprinceton_aco003843:

