=LDR  01820nam a2200361Mi 4500
=001  784689
=003  NjP
=006  m\\\\\\\\d\\\\\\\\
=007  cr\cn\|||m|||a
=008  210212s1953\\\\sy\\\\\\o\\\\\000\0\ara\d
=040  \\$aZYU$bara$erda$cZYU
=100  1\$6880-01$aAbū Rīmah, Muḥammad al-Maḥmūd al-Najjār.
=245  10$6880-02$aHidāyat al-mustafīd fī aḥkām al-tajwīd /$ctaʼlīf Muḥammad al-Maḥmūd al-mashhūr bi-Abī Rīmah.
=250  \\$6880-03$aal-Ṭabʻah 2.
=260  \\$6880-04$aḤalab :$bMaktabat al-Wafāʼ,$c1373 [1953]
=300  \\$aonline resource (40 pages)
=336  \\$atext$2rdacontent
=337  \\$acomputer$2rdamedia
=338  \\$aonline resource$2rdacarrier
=500  \\$aPart of the Arabic Collections Online (ACO) project, contributed by Princeton University Libraries.
=533  \\$aElectronic reproduction.$bNew York, N.Y. :$cNew York University,$d2021.$5NNU
=630  00$aQurʼan$xRecitation.
=630  07$aQurʼan.$2fast$0(OCoLC)fst01842877
=710  2\$aPrinceton University.$bLibrary.
=730  0\$aArabic Collections Online.
=776  08$iPrint version:$aAbū Rīmah, Muḥammad al-Maḥmūd al-Najjār.$tHidāyat al-mustafīd fī aḥkām al-tajwīd$w(NjP)784689$w(OCoLC)27443603
=856  40$uhttp://hdl.handle.net/2333.1/n8pk104r 
=880  1\$6100-01$aابو ريمة، محمد المحمود النجار.
=880  10$6245-02$aهداية المستفيد في احكام التجويد /$cتأليف محمد المحمود المشهور بأبي ريمه.
=880  \\$6250-03$aالطبعة ٢.
=880  \\$6260-04$aحلب :$bمكتبة الوفاء،$c١٢٧٢ [١٩٥٢]
=959  \\$aNNU$bWEB$cGENI$t0$mElectronic access$s01
=999  \\$iNjP_784689$o(OCoLC)ocm27443603$sprinceton_aco002771$e(ERROR-MISC)$sprinceton_aco002771

