=LDR  02103nam a2200361Mi 4500
=001  799548
=003  NjP
=006  m\\\\\\\\d\\\\\\\\
=007  cr\cn\|||m|||a
=008  210212m19609999ir\\\\\\o\\\\\000\0\ara\d
=040  \\$aZYU$bara$erda$cZYU
=100  1\$6880-01$aShīrāzī, Muḥammad al-Mahdī al-Ḥusaynī.
=245  13$6880-02$aal-Fiqh :$bwa-huwá sharḥ istidlālī ʻalá kitāb al-ʻUrwah al-wuthqá li-Āyat Allāh al-faqīd al-Sayyid Muḥammad Kāẓim al-Ṭabāṭabāʼī al-Yazdī ... /$cbi-qalam Muḥammad al-Ḥusaynī al-Shīrāzī.
=260  \\$6880-03$aQum :$bChāpkhānah-i Pīrūz,$c[196-]-
=300  \\$aonline resource (volumes)
=336  \\$atext$2rdacontent
=337  \\$acomputer$2rdamedia
=338  \\$aonline resource$2rdacarrier
=500  \\$aPart of the Arabic Collections Online (ACO) project, contributed by Princeton University Libraries.
=505  1\$a[1] Kitāb al-ṣalāh (v.).
=533  \\$aElectronic reproduction.$bNew York, N.Y. :$cNew York University,$d2021.$5NNU
=600  10$aṬabāṭabāʼī, Muḥammad Kāẓim,$d-1919.$tʻUrwah al-wuthqá
=650  \0$aShīʻah$xCustoms and practices.
=650  \7$aShīʻah$xCustoms and practices.$2fast$0(OCoLC)fst01117947
=710  2\$aPrinceton University.$bLibrary.
=730  0\$aArabic Collections Online.
=776  08$iPrint version:$aShīrāzī, Muḥammad al-Mahdī al-Ḥusaynī.$tal-Fiqh$w(NjP)799548$w(OCoLC)27946515
=856  40$uhttp://hdl.handle.net/2333.1/k3j9kq6d 
=880  1\$6100-01$aشيرازي، محمد المهدي الحسيني.
=880  12$6245-02$aالفقه :$bوهوى شرح استدلالي على كتاب العروة الوثقى لآية الله الفقيد السيد محمد كاظم الطباطبائي اليزدي ... /$cبقلم محمد الحسيني الشيرازي.
=880  \\$6260-03$aقم :$bچاپخانه پىروز،$c[196-]-
=959  \\$aNNU$bWEB$cGENI$t0$mElectronic access$s01
=999  \\$iNjP_799548$o(OCoLC)ocm27946515$sprinceton_aco003384:mujallad i$e(ERROR-MISC)$sprinceton_aco003384:mujallad i

