=LDR  02691nam a2200505Mi 4500
=001  1633254
=003  NjP
=006  m\\\\\\\\d\\\\\\\\
=007  cr\cn\|||m|||a
=008  210212s1949\\\\ir\c\\\\o\\\\\000\0\araod
=040  \\$aZYU$bara$erda$cZYU
=090  \\$aBP194.1$b.R374 1949
=100  1\$6880-01$aRashtī, ʻAbd al-Ḥusayn,$d1875-1953.
=245  10$6880-02$aKashf al-ishtibāh /$ctaʼlīf ʻAbd al-Ḥusayn al-Rashtī.
=264  \1$6880-03$aṬihrān :$bMaṭbaʻah al-ʻAskarīyah al-Impirāṭūrīyah,$c1949.
=300  \\$aonline resource ([2], 215 pages) :$bportrait
=336  \\$atext$2rdacontent
=337  \\$acomputer$2rdamedia
=338  \\$aonline resource$2rdacarrier
=500  \\$aForms part of the Islamic Lithographs Collection.$5ICU
=500  \\$aPart of the Arabic Collections Online (ACO) project, contributed by Princeton University Libraries.
=520  \\$aPolemical writing in refutation of Mūsá Jār Allāh's "Washīʻah fī naqḍ ʻaqāʼid al-Shīʻah."
=533  \\$aElectronic reproduction.$bNew York, N.Y. :$cNew York University,$d2021.$5NNU
=546  \\$aIn Arabic.
=600  10$6880-04$aBigiev, Musa Dzharullakh,$d1875-1949.$tWashīʻah fī naqḍ ʻaqāʼid al-Shīʻah.
=650  \0$aShiites$vApologetic works.
=650  \0$aShīʻah$xRelations$xSunnites.
=650  \0$aSunnites$xRelations$xShīʻah.
=650  \7$aInterfaith relations.$2fast$0(OCoLC)fst01353343
=650  \7$aShīʻah.$2fast$0(OCoLC)fst01117946
=650  \7$aShiites.$2fast$0(OCoLC)fst01115976
=650  \7$aSunnites.$2fast$0(OCoLC)fst01138714
=655  \7$aApologetic writings.$2fast$0(OCoLC)fst01423698
=710  2\$aIslamic Lithographs Collection.$5ICU
=710  2\$aPrinceton University.$bLibrary.
=730  0\$aArabic Collections Online.
=776  08$iOnline version:$aRashtī, ʻAbd al-Ḥusayn, 1875-1953.$tKashf al-ishtibāh.$dṬihrān : Maṭbaʻah al-ʻAskarīyah al-Impirāṭūrīyah, 1949$w(OCoLC)1141769527
=776  08$iPrint version:$aRashtī, ʻAbd al-Ḥusayn, 1875-1953.$tKashf al-ishtibāh$w(NjP)1633254$w(OCoLC)42939233
=856  40$uhttp://hdl.handle.net/2333.1/5qfttqzh 
=880  1\$6100-01$aرشتي، عبد الحسين،$d1875-1953.
=880  10$6245-02$aكشف الاشتباه /$cتأليف عبد الحسين الرشتي.
=880  \1$6264-03$aطهران :$bمطبعة العسكرية الامپراطورية،$c1949.
=880  14$6600-04$aجار الله، موسى.$d1875-1949.$tوشيعة في نقض عقائد الشيعة.
=959  \\$aNNU$bWEB$cGENI$t0$mElectronic access$s01
=999  \\$iNjP_1633254$o(OCoLC)ocm42939233$sprinceton_aco003939:$e(ERROR-880)$sprinceton_aco003939:

