=LDR  03180nam a2200445Mi 4500
=001  1080568
=003  NjP
=006  m\\\\\\\\d\\\\\\\\
=007  cr\cn\|||m|||a
=008  210212s1968\\\\ir\\\\\\o\\\\\000\0\ara\d
=040  \\$aZYU$bara$erda$cZYU
=100  1\$6880-01$aMīr Jahānī, Ḥasan.
=240  10$6880-02$aMiṣbāḥ al-balāghah fī mishkāt al-ṣiyāghah
=245  10$6880-03$aHādhā huwa al-juzʼ al-awwal[-al-juzʼ al-rābiʻ] min mustadrak Nahj al-balāghah al-mawsūm bi-Miṣbāḥ al-balāghah fī mishkāt al-ṣiyāghah /$cmin taʼlīfāt Ḥasan al-Mīrjahānī al-Ṭabāṭabāʼī al-Muḥammadābādī al-Jarqūyī al-Iṣbahānī.
=246  14$6880-04$aMustadrak Nahj al-balāghah mawsūm bih Miṣbāḥ al-balāghah
=246  30$6880-05$aMiṣbāḥ al-balāghah fī mishkāt al-ṣiyāghah
=260  \\$6880-06$a[Iran] :$bḤ. al-Mīrjahānī al-Ṭabāṭabāʼī,$c1388 [1968 or 1069]
=300  \\$aonline resource (4 volumes in 2)
=336  \\$atext$2rdacontent
=337  \\$acomputer$2rdamedia
=338  \\$aonline resource$2rdacarrier
=500  \\$aPart of the Arabic Collections Online (ACO) project, contributed by Princeton University Libraries.
=533  \\$aElectronic reproduction.$bNew York, N.Y. :$cNew York University,$d2021.$5NNU
=600  00$aʻAlī ibn Abī Ṭālib,$cCaliph,$dapproximately 600-661$xHadith.
=600  07$aʻAlī ibn Abī Ṭālib,$cCaliph,$dapproximately 600-661.$2fast$0(OCoLC)fst01804105
=650  \7$aHadith.$2fast$0(OCoLC)fst00950112
=700  1\$6880-07$aSharīf al-Raḍī, Muḥammad ibn al-Ḥusayn,$d969 or 970-1016.$tNahj al-balāghah.
=710  2\$aPrinceton University.$bLibrary.
=730  0\$aArabic Collections Online.
=776  08$iPrint version:$aMīr Jahānī, Ḥasan.$tHādhā huwa al-juzʼ al-awwal[-al-juzʼ al-rābiʻ] min mustadrak Nahj al-balāghah al-mawsūm bi-Miṣbāḥ al-balāghah fī mishkāt al-ṣiyāghah$w(NjP)1080568$w(OCoLC)35400393
=856  40$uhttp://hdl.handle.net/2333.1/msbccck1 
=880  1\$6100-01$aمير جهاني، حسن.
=880  10$6240-02$aمصباح البلاغة في مشكاة الصياغة
=880  10$6245-03$aهاذا هو الجزء الاول[الجزء الرابع] من مستدرك نهج البلاغة الموسوم بمصباح البلاغة في مشكاة الصياغة /$cمن تأليفات حسن الميرجهاني الطباطبائي المحمدابادي الجرقويي الاصبهاني.
=880  14$6246-04$aمستدرك نهج البلاغة موسوم به مصباح البلاغة
=880  30$6246-05$aمصباح البلاغة في مشكاة الصياغة
=880  \\$6260-06$a[ايران] :$bح. الميرجهاني الطباطبائي،$c1388 [1968 or 1069]
=880  1\$6700-07$aشريف الرضي، محمد بن الحسين،$d969 or 970-1016.$tنهج البلاغة.
=959  \\$aNNU$bWEB$cGENI$t0$mElectronic access$s01
=999  \\$iNjP_1080568$o(OCoLC)ocm35400393$sprinceton_aco003201:mujallad 1$sprinceton_aco003146:mujallad 2$e(ERROR-MISC)$sprinceton_aco003201:mujallad 1$sprinceton_aco003146:mujallad 2

