=LDR  03052nam a2200433Mi 4500
=001  2423944
=003  NjP
=006  m\\\\\\\\d\\\\\\\\
=007  cr\cn\|||m|||a
=008  210212s1906\\\\ua\\\\\\o\\\\\000\0\ara\d
=040  \\$aZYU$bara$erda$cZYU
=100  1\$6880-01$aSubkī, Tāj al-Dīn ʻAbd al-Wahhāb ibn ʻAlī,$dapproximately 1327-1370.
=240  10$6880-02$aṬabaqāt al-Shāfiʻīyah al-kubrá
=245  10$6880-03$aṬabaqāt al-Shāfiʻīyah al-kubrá /$cli-Tāj al-Dīn Abī Naṣr ʻAbd al-Wahhāb ibn Taqī al-Dīn al-Subkī.
=250  \\$6880-04$aal-Ṭabʻah al-ūlá.
=260  \\$6880-05$aMiṣr :$bal-Maṭbaʻah al-Ḥusaynīyah,$c1324 [1906]
=300  \\$aonline resource (6 volumes)
=336  \\$atext$2rdacontent
=337  \\$acomputer$2rdamedia
=338  \\$aonline resource$2rdacarrier
=500  \\$a"Ṭubiʻa ʻalá nafaqat multazimihi ḥaḍrat ʼal-S︠h︡arīf Mawlāya ʼAḥmad ibn ʻAbd ʼal-Karīm ʼal-Qādirī ʼal-Ḥusnī ʼal-Mag︠h︡ribī ʼal-Fāsī."
=500  \\$aPart of the Arabic Collections Online (ACO) project, contributed by Princeton University Libraries.
=533  \\$aElectronic reproduction.$bNew York, N.Y. :$cNew York University,$d2021.$5NNU
=650  \0$aShafiites$vBiography$vEarly works to 1800.
=650  \7$aShafiites.$2fast$0(OCoLC)fst01115053
=655  \7$aBiographies.$2fast$0(OCoLC)fst01919896
=655  \7$aEarly works.$2fast$0(OCoLC)fst01411636
=710  2\$aPrinceton University.$bLibrary.
=730  0\$aArabic Collections Online.
=776  08$iOnline version:$aSubkī, Tāj al-Dīn ʻAbd al-Wahhāb ibn ʻAlī, approximately 1327-1370.$sṬabaqāt ʼal-S︠h︡āfiʻīyah ʼal-kubrá.$tJuzʼ ʼal-ʼawwal[-ʼal-sādis] min Ṭabaqāt ʼal-S︠h︡āfiʻīyah ʼal-kubrá.$bʼAl-Ṭabʻah 1.$dMiṣr : ʼal-Maṭbaʻah ʼal-Ḥusaynīyah, 1906$w(OCoLC)663285219
=776  08$iPrint version:$aSubkī, Tāj al-Dīn ʻAbd al-Wahhāb ibn ʻAlī, approximately 1327-1370.$tṬabaqāt al-Shāfiʻīyah al-kubrá$w(NjP)2423944$w(OCoLC)40686306
=856  40$uhttp://hdl.handle.net/2333.1/dbrv1ghh 
=880  1\$6100-01$aسبكي، تاج الدين عبد الوهاب بن علي،$dapproximately 1327-1370.
=880  10$6240-02$aطبقات الشافعية الكبرى
=880  10$6245-03$aطبقات الشافعية الكبرى /$cلتاج الدين ابي نصر عبد الوهاب بن تقي الدين السبكي.
=880  \\$6250-04$a‏الطبعة الأولى.
=880  \\$6260-05$aمصر :$bالمطبعة الحسينية،$c1324 [1906]
=959  \\$aNNU$bWEB$cGENI$t0$mElectronic access$s01
=999  \\$iNjP_2423944$o(OCoLC)ocm40686306$sprinceton_aco004435:vol. 4$sprinceton_aco004436:vol. 6$sprinceton_aco004437:vol. 1$sprinceton_aco004438:vol. 2$sprinceton_aco004439:vol. 3$sprinceton_aco004440:vol. 5$e(ERROR-MISC)$sprinceton_aco004435:vol. 4$sprinceton_aco004436:vol. 6$sprinceton_aco004437:vol. 1$sprinceton_aco004438:vol. 2$sprinceton_aco004439:vol. 3$sprinceton_aco004440:vol. 5

