=LDR  01896nam a2200337Mi 4500
=001  2579853
=003  NjP
=006  m\\\\\\\\d\\\\\\\\
=007  cr\cn\|||m|||a
=008  210212s1880\\\\ua\\\\\\o\\\\\000\0\ara\d
=040  \\$aZYU$bara$erda$cZYU
=100  1\$6880-01$aIbn Ṭufayl, Muḥammad ibn ʻAbd al-Malik,$d-1185.
=245  10$6880-02$aRisālat Ḥayy ibn Yaqẓān fī asrār al-ḥikmah al-mashriqīyah /$cistakhlaṣahā min durar jawāhir alfāẓ al-raʼīs Abī ʻAlī ibn Sīnā ... Abū Jaʻfar Ṭufayl.
=260  \\$6880-03$aMiṣr :$b[publisher not identified],$c[1882]
=300  \\$aonline resource (41 pages)
=336  \\$atext$2rdacontent
=337  \\$acomputer$2rdamedia
=338  \\$aonline resource$2rdacarrier
=500  \\$aPart of the Arabic Collections Online (ACO) project, contributed by Princeton University Libraries.
=533  \\$aElectronic reproduction.$bNew York, N.Y. :$cNew York University,$d2021.$5NNU
=546  \\$aText and t.p. in Arabic.
=650  \0$aIslamic philosophy.
=710  2\$aPrinceton University.$bLibrary.
=730  0\$aArabic Collections Online.
=776  08$iPrint version:$aIbn Ṭufayl, Muḥammad ibn ʻAbd al-Malik, -1185.$tRisālat Ḥayy ibn Yaqẓān fī asrār al-ḥikmah al-mashriqīyah$w(NjP)2579853$w(OCoLC)41973183
=856  40$uhttp://hdl.handle.net/2333.1/5tb2rnnf 
=880  1\$6100-01$aابن طفيل، محمد بن عبد الملك،$d-1185.
=880  10$6245-02$aرسالة حي بن يقظان في اسرار الحكمة المشرقية /$cاستخلصها من درر جواهر الفاظ الرئييس ابي علي بن سينا ... ابو جعفر طفيل.
=880  \\$6260-03$aمصر :  :$b[publisher not identified],$c[1882]
=959  \\$aNNU$bWEB$cGENI$t0$mElectronic access$s01
=999  \\$iNjP_2579853$o(OCoLC)ocm41973183$sprinceton_aco004457:$e(ERROR-MISC)$sprinceton_aco004457:

