=LDR  01645nam a2200337Mi 4500
=001  3203266
=003  NjP
=006  m\\\\\\\\d\\\\\\\\
=007  cr\cn\|||m|||a
=008  210212s1962\\\\sy\a\\\\o\\\\\000\0\ara\d
=040  \\$aZYU$bara$erda$cZYU
=100  1\$6880-01$aNāʻūrī, ʻĪsá.
=245  10$6880-02$aAkhī al-insān!. al-majmūʻah al-shiʻrīyah al-thānīyah /$ctaʼlīf ʻĪsá al-Nāʻūrī.
=250  \\$6880-03$aal-Ṭabʻah 1.
=260  \\$6880-04$aḤalab :$bDār al-Rāʼid,$c1962.
=300  \\$aonline resource (120 pages) :$b1 illustration
=336  \\$atext$2rdacontent
=337  \\$acomputer$2rdamedia
=338  \\$aonline resource$2rdacarrier
=500  \\$aPart of the Arabic Collections Online (ACO) project, contributed by Princeton University Libraries.
=533  \\$aElectronic reproduction.$bNew York, N.Y. :$cNew York University,$d2021.$5NNU
=710  2\$aPrinceton University.$bLibrary.
=730  0\$aArabic Collections Online.
=776  08$iPrint version:$aNāʻūrī, ʻĪsá.$tAkhī al-insān!. al-majmūʻah al-shiʻrīyah al-thānīyah$w(NjP)3203266$w(DLC) 67000235 $w(OCoLC)80396804
=856  40$uhttp://hdl.handle.net/2333.1/prr4xsz6 
=880  1\$6100-01$aناعوري، عيسى.
=880  10$6245-02$aاخي الانسان!. المجموعة الشعرية الثانية /$cتأليف عيسى الناعوري.
=880  \\$6250-03$aالطبعة 1.
=880  \\$6260-04$aحلب :$bدار الرائد،$c1962.
=959  \\$aNNU$bWEB$cGENI$t0$mElectronic access$s01
=999  \\$iNjP_3203266$o(OCoLC)ocm80396804$sprinceton_aco004465:$e(ERROR-MISC)$sprinceton_aco004465:

