=LDR  02049nam a2200361Mi 4500
=001  1117283
=003  NjP
=006  m\\\\\\\\d\\\\\\\\
=007  cr\cn\|||m|||a
=008  210212s1953\\\\ir\\\\\\o\\\\\000\0\ara\d
=040  \\$aZYU$bara$erda$cZYU
=100  1\$6880-01$aRaḍawī al-Kāshānī, Muḥammad Ḥusayn.
=240  10$6880-02$aMughnī al-faqīh fī al-fiqh al-nabīh
=245  10$6880-03$aHādhā al-kitāb al-musammá bi-Mughnī al-faqīh fī al-fiqh al-nabīh /$cmin taʼlīfāt Muḥammad Ḥusayn al-Raḍawī al-Kāshānī.
=260  \\$6880-04$aKāshān :$bChāpkhānah-i Kūshish,$c1373 [1953 or 1954]
=300  \\$aonline resource (119 pages)
=336  \\$atext$2rdacontent
=337  \\$acomputer$2rdamedia
=338  \\$aonline resource$2rdacarrier
=500  \\$aPart of the Arabic Collections Online (ACO) project, contributed by Princeton University Libraries.
=533  \\$aElectronic reproduction.$bNew York, N.Y. :$cNew York University,$d2021.$5NNU
=650  \0$aIslamic law$xInterpretation and construction.
=650  \7$aIslamic law$xInterpretation and construction.$2fast$0(OCoLC)fst00979955
=710  2\$aPrinceton University.$bLibrary.
=730  0\$aArabic Collections Online.
=776  08$iPrint version:$aRaḍawī al-Kāshānī, Muḥammad Ḥusayn.$tHādhā al-kitāb al-musammá bi-Mughnī al-faqīh fī al-fiqh al-nabīh$w(NjP)1117283$w(OCoLC)36420745
=856  40$uhttp://hdl.handle.net/2333.1/4mw6mm0q 
=880  1\$6100-01$aرضوي الكاشاني، محمد حسين.
=880  10$6240-02$aمغني الفقيه في الفقيه النبيه
=880  10$6245-03$aهذا الكتاب المسمى بمغني الفقيه في الفقه النبيه /$cمن تأليفات محمد حسين الرضوي الكاشاني.
=880  \\$6260-04$aکاشان :$bچاپخانه کوشش،$c1373 [1953 or 1954]
=959  \\$aNNU$bWEB$cGENI$t0$mElectronic access$s01
=999  \\$iNjP_1117283$o(OCoLC)ocm36420745$sprinceton_aco003541:$e(ERROR-MISC)$sprinceton_aco003541:

