=LDR  01908nam a2200409Mi 4500
=001  1035667
=003  NjP
=006  m\\\\\\\\d\\\\\\\\
=007  cr\cn\|||m|||a
=008  210212s197u\\\\ir\\\\\\o\\\\\000\0\ara\d
=040  \\$aZYU$bara$erda$cZYU
=041  0\$aara$aper
=050  14$aBP194$b.S327 1970z
=100  1\$6880-01$aSharīʻatī al-Iṣfahānī, Muḥammad Bāqir.
=245  10$6880-02$aĪqāẓ al-bashar bi-aʻlām al-khaṭar /$ctaʼlīf Muḥammad Bāqir al-Sharīʻatī al-Iṣfahānī.
=260  \\$a[Iran?] :$b[publisher not identified],$c[197-?]
=300  \\$aonline resource (157 pages)
=336  \\$atext$2rdacontent
=337  \\$acomputer$2rdamedia
=338  \\$aonline resource$2rdacarrier
=500  \\$aPart of the Arabic Collections Online (ACO) project, contributed by Princeton University Libraries.
=533  \\$aElectronic reproduction.$bNew York, N.Y. :$cNew York University,$d2021.$5NNU
=546  \\$aArabic and Persian.
=650  \0$aShīʻah$xDoctrines.
=650  \0$aIslam$xDoctrines.
=650  \0$aImamate.
=650  \7$aImamate.$2fast$0(OCoLC)fst00967643
=650  \7$aIslam$xDoctrines.$2fast$0(OCoLC)fst00979787
=650  \7$aShīʻah$xDoctrines.$2fast$0(OCoLC)fst01117948
=710  2\$aPrinceton University.$bLibrary.
=730  0\$aArabic Collections Online.
=776  08$iPrint version:$aSharīʻatī al-Iṣfahānī, Muḥammad Bāqir.$tĪqāẓ al-bashar bi-aʻlām al-khaṭar$w(NjP)1035667$w(OCoLC)34301803
=856  40$uhttp://hdl.handle.net/2333.1/05qfv4db 
=880  1\$6100-01$aشريعتي الاصفهاني، محمد باقر.
=880  10$6245-02$aايقاظ البشر باعلام الخطر /$cتأليف محمد باقر الشريعتي الاصفهاني.
=959  \\$aNNU$bWEB$cGENI$t0$mElectronic access$s01
=999  \\$iNjP_1035667$o(OCoLC)ocm34301803$sprinceton_aco003642:$e(ERROR-880)$sprinceton_aco003642:

