=LDR  02037nam a2200445Mi 4500
=001  1014848
=003  NjP
=006  m\\\\\\\\d\\\\\\\\
=007  cr\cn\|||m|||a
=008  210212s1980\\\\ir\\\\\\ob\\\\000\0\arard
=040  \\$aZYU$bara$erda$cZYU
=050  \4$aBP166.8$b.A67 1980
=084  \\$aPK2576
=100  1\$6880-01$aAnṣārī Zanjānī, Ibrāhīm.
=245  10$6880-02$aMalāḥim al-Qurʼān /$cIbrāhīm al-Anṣārī al-Zanjānī.
=250  \\$6880-03$aChāp-i 2.
=260  \\$a[Qom?] :$b[publisher not identified],$c[1400 [1980]]
=300  \\$aonline resource (135 pages)
=336  \\$atext$2rdacontent
=337  \\$acomputer$2rdamedia
=338  \\$aonline resource$2rdacarrier
=500  \\$aPart of the Arabic Collections Online (ACO) project, contributed by Princeton University Libraries.
=504  \\$aIncludes bibliographical references (pages 133-134).
=533  \\$aElectronic reproduction.$bNew York, N.Y. :$cNew York University,$d2021.$5NNU
=650  \0$aIslamic eschatology.
=650  \0$aMahdism.
=650  \0$aShīʻah$xDoctrines.
=650  \7$aIslamic eschatology.$2fast$0(OCoLC)fst01730321
=650  \7$aMahdism.$2fast$0(OCoLC)fst01005990
=650  \7$aShīʻah$xDoctrines.$2fast$0(OCoLC)fst01117948
=710  2\$aPrinceton University.$bLibrary.
=730  0\$aArabic Collections Online.
=776  08$iOnline version:$aAnṣārī Zanjānī, Ibrāhīm.$tMalāḥim al-Qurʼān.$bChāp-i 2.$d[Qom? : s.n., 1400 [1980]]$w(OCoLC)754567377
=776  08$iPrint version:$aAnṣārī Zanjānī, Ibrāhīm.$tMalāḥim al-Qurʼān$w(NjP)1014848$w(OCoLC)32297700
=856  40$uhttp://hdl.handle.net/2333.1/8gthtj85 
=880  1\$6100-01$aانصاري زنجاني، ابراهيم.
=880  10$6245-02$aملاحم القرآن /$cابراهيم الانصاري الزنجاني.
=880  \\$6250-03$aچاپ 2.
=959  \\$aNNU$bWEB$cGENI$t0$mElectronic access$s01
=999  \\$iNjP_1014848$o(OCoLC)ocm32297700$sprinceton_aco002624$e(ERROR-880)$sprinceton_aco002624

