=LDR  01964nam a2200373Mi 4500
=001  470347
=003  NjP
=006  m\\\\\\\\d\\\\\\\\
=007  cr\cn\|||m|||a
=008  210212s1882\\\\le\\\\\\o\\\\\000\0\ara\d
=040  \\$aZYU$bara$erda$cZYU
=043  \\$aa-sy---
=245  03$6880-01$aal-Muḥāḍarah al-adabīyah wa-al-muḥāwarah al-Ḥalabīyah /$cjamʻ Muḥammad Nuʻmān Muqayyadʹzādah.
=260  \\$6880-02$aBayrūt :$bal-Maṭbaʻah al-Adabīyah,$c1300 [1882 or 1883]
=300  \\$aonline resource (19 pages)
=336  \\$atext$2rdacontent
=337  \\$acomputer$2rdamedia
=338  \\$aonline resource$2rdacarrier
=500  \\$aPart of the Arabic Collections Online (ACO) project, contributed by Princeton University Libraries.
=533  \\$aElectronic reproduction.$bNew York, N.Y. :$cNew York University,$d2021.$5NNU
=650  \0$aArabic poetry$zSyria$zAleppo.
=650  \7$aArabic poetry.$2fast$0(OCoLC)fst00812533
=651  \7$aSyria$zAleppo.$2fast$0(OCoLC)fst01213345
=700  1\$6880-03$aMuqayyadʹzādah, Muḥammad Nuʻmān.
=710  2\$aPrinceton University.$bLibrary.
=730  0\$aArabic Collections Online.
=776  08$iOnline version:$tMuḥāḍarah al-adabīyah wa-al-muḥāwarah al-Ḥalabīyah.$dBayrūt : al-Maṭbaʻah al-Adabīyah, 1300 [1882 or 1883]$w(OCoLC)657142453
=776  08$iPrint version:$tal-Muḥāḍarah al-adabīyah wa-al-muḥāwarah al-Ḥalabīyah$w(NjP)470347$w(OCoLC)26285914
=856  40$uhttp://hdl.handle.net/2333.1/7m0cg7pp 
=880  02$6245-01$aالمحاضرة الادبية والمحاورة الحلبية /$cجمع محمد نعمان مقيدزادة.
=880  \\$6260-02$aبيروت :$bالمطبعة الادبية،$c1300 [1882 or 1883]
=880  1\$6700-03$aمقيدزادة، محمد نعمان.
=959  \\$aNNU$bWEB$cGENI$t0$mElectronic access$s01
=999  \\$iNjP_470347$o(OCoLC)ocm26285914$sprinceton_aco004077:$e(ERROR-MISC)$sprinceton_aco004077:

