=LDR  01688nam a2200385Mi 4500
=001  858976
=003  NjP
=006  m\\\\\\\\d\\\\\\\\
=007  cr\cn\|||m|||a
=008  210212s1931\\\\le\\\\\\ob\\\\000\0\ara\d
=040  \\$aZYU$bara$erda$cZYU
=100  1\$6880-01$aFūrd, Jūrj.
=245  10$6880-02$aNūr al-ʻālam /$ctaʼlīf Jūrj Fūrd al-Amīrkānī.
=250  \\$6880-03$aṬabʻah 3.
=260  \\$6880-04$aBayrūt :$bal-Maṭbaʻah al-Amīrkānīyah,$c1931.
=300  \\$aonline resource (72 pages)
=336  \\$atext$2rdacontent
=337  \\$acomputer$2rdamedia
=338  \\$aonline resource$2rdacarrier
=500  \\$aPart of the Arabic Collections Online (ACO) project, contributed by Princeton University Libraries.
=504  \\$aIncludes bibliographical references.
=533  \\$aElectronic reproduction.$bNew York, N.Y. :$cNew York University,$d2021.$5NNU
=600  00$aJesus Christ$xTeachings.
=600  07$aJesus Christ.$2fast$0(OCoLC)fst00040116
=650  \7$aTeachings.$2fast$0(OCoLC)fst01355128
=710  2\$aPrinceton University.$bLibrary.
=730  0\$aArabic Collections Online.
=776  08$iPrint version:$aFūrd, Jūrj.$tNūr al-ʻālam$w(NjP)858976$w(OCoLC)29745490
=856  40$uhttp://hdl.handle.net/2333.1/jm63z3nv 
=880  1\$6100-01$aفورد، جورج.
=880  10$6245-02$aنور العالم /$cتأليف جورج فورد الاميركاني.
=880  \\$6250-03$aطبعة 3.
=880  \\$6260-04$aبيروت :$bالمطبعة الاميركانية،$c1931.
=959  \\$aNNU$bWEB$cGENI$t0$mElectronic access$s01
=999  \\$iNjP_858976$o(OCoLC)ocm29745490$sprinceton_aco003647:$e(ERROR-MISC)$sprinceton_aco003647:

