=LDR  03000nam a2200409Mi 4500
=001  510529
=003  NjP
=006  m\\\\\\\\d\\\\\\\\
=007  cr\cn\|||m|||a
=008  210212m19091910mr\\\\\\o\\\\\000\0\ara\d
=040  \\$aZYU$bara$erda$cZYU
=100  1\$6880-01$aʻUlaymī, Yāsīn ibn Zayn al-Dīn,$d-1650 or 1651.
=245  10$6880-02$aHādhihi Ḥawāshī al-Shaykh al-Imām khātimat al-muḥaqqiqīn al-Shaykh Yāsīn al-Ḥimṣī nazīl Miṣr ʻalá Khulāṣat ... Jamāl al-Dīn ibn Mālik. Wa-bi-hāmish Sharḥ al-Imām Ibn Mālik li-Kāfiyah.
=246  3\$6880-03$aḤawāshin ... ʻalá Khulāṣat ... Ibn Mālik ...
=260  \\$6880-04$aFās :$bal-Maṭbaʻah al-Mawlawīyah,$c1327-1328 [1909-1910]
=300  \\$aonline resource (2 volumes)
=336  \\$atext$2rdacontent
=337  \\$acomputer$2rdamedia
=338  \\$aonline resource$2rdacarrier
=500  \\$aOn the margins: Sharḥ al-Kāfiyah al-shāfiyah, by Ibn Mālik.
=500  \\$aPart of the Arabic Collections Online (ACO) project, contributed by Princeton University Libraries.
=533  \\$aElectronic reproduction.$bNew York, N.Y. :$cNew York University,$d2021.$5NNU
=600  10$aIbn Mālik, Muḥammad ibn ʻAbd Allāh,$d-1274.$tAlfīyah.
=630  07$aAlfīyah (Ibn Mālik, Muḥammad ibn ʻAbd Allāh)$2fast$0(OCoLC)fst01360506
=700  12$6880-05$aIbn Mālik, Muḥammad ibn ʻAbd Allāh,$d-1274.$tSharḥ al-Kāfiyah al-shāfiyah.
=710  2\$aPrinceton University.$bLibrary.
=730  0\$aArabic Collections Online.
=776  08$iOnline version:$aʻUlaymī, Yāsīn ibn Zayn al-Dīn, -1650 or 51.$tḤawāshī al-Shaykh al-Imām khātimat al-muḥaqqiqīn .$dFās, al-Maṭbaʻah al-Mawlawīyah, 1327-1328 [1909-1910]$w(OCoLC)656885705
=776  08$iPrint version:$aʻUlaymī, Yāsīn ibn Zayn al-Dīn, -1650 or 1651.$tHādhihi Ḥawāshī al-Shaykh al-Imām khātimat al-muḥaqqiqīn al-Shaykh Yāsīn al-Ḥimṣī nazīl Miṣr ʻalá Khulāṣat ... Jamāl al-Dīn ibn Mālik. Wa-bi-hāmish Sharḥ al-Imām Ibn Mālik li-Kāfiyah$w(NjP)510529$w(OCoLC)175310480
=856  40$uhttp://hdl.handle.net/2333.1/cz8w9sjw 
=880  1\$6100-01$aعليمي، يس بن زين الدين،$d-1650 or 1651.
=880  10$6245-02$aهذه حواشي الشيخ الامام خاتمة المحققين الشيخ يس الحمصي نزيل مصر على خلاصة ... جمال الدين بن مالك. وبهامشه شرح الامام ابن مالك لكافية.
=880  3\$6246-03$aحواشن ... على خلاصة ... ابن مالك ...
=880  \\$6260-04$aفاس :$bالمطبعة المولوية،$c1327-1328 [1909-1910]
=880  12$6700-05$aابن مالك، محمد بن عبد الله،$d-1274.$tشرح الكافية الشافية.
=959  \\$aNNU$bWEB$cGENI$t0$mElectronic access$s01
=999  \\$iNjP_510529$o(OCoLC)ocn175310480$sprinceton_aco004606:vol.1$e(ERROR-MISC)$sprinceton_aco004606:vol.1

