=LDR  01722nam a2200349Mi 4500
=001  240519
=003  NjP
=006  m\\\\\\\\d\\\\\\\\
=007  cr\cn\|||m|||a
=008  210212s1981\\\\ir\\\\\\o\\\\\000\0\ara\d
=040  \\$aZYU$bara$erda$cZYU
=100  1\$6880-01$aMalakī, Muḥammad Bāqir.
=245  10$6880-02$aBadāʼiʻ al-kalām fī tafsīr āyāt al-aḥkām /$ctaʼlīf Muḥammad Bāqir al-Malakī.
=260  \\$6880-03$aQum :$bal-Maṭbaʻah al-ʻIlmīyah,$c1981.
=300  \\$aonline resource (367 pages)
=336  \\$atext$2rdacontent
=337  \\$acomputer$2rdamedia
=338  \\$aonline resource$2rdacarrier
=500  \\$aPart of the Arabic Collections Online (ACO) project, contributed by Princeton University Libraries.
=533  \\$aElectronic reproduction.$bNew York, N.Y. :$cNew York University,$d2021.$5NNU
=630  00$aQurʼan$xCriticism, interpretation, etc.
=630  07$aQurʼan.$2fast$0(OCoLC)fst01842877
=655  \7$aCriticism, interpretation, etc.$2fast$0(OCoLC)fst01411635
=710  2\$aPrinceton University.$bLibrary.
=730  0\$aArabic Collections Online.
=776  08$iPrint version:$aMalakī, Muḥammad Bāqir.$tBadāʼiʻ al-kalām fī tafsīr āyāt al-aḥkām$w(NjP)240519$w(OCoLC)81181360
=856  40$uhttp://hdl.handle.net/2333.1/cvdncvv2 
=880  1\$6100-01$aملكي، محمد باقر.
=880  10$6245-02$aبدائع الكلام في تفسير آيات الاحكام /$cتأليف محمد باقر الملكي.
=880  \\$6260-03$aقم :$bالمطبعة العلمية،$c1981.
=959  \\$aNNU$bWEB$cGENI$t0$mElectronic access$s01
=999  \\$iNjP_240519$o(OCoLC)ocm81181360$sprinceton_aco002753$e(ERROR-MISC)$sprinceton_aco002753

