=LDR  01871nam a2200397Mi 4500
=001  2786323
=003  NjP
=006  m\\\\\\\\d\\\\\\\\
=007  cr\cn\|||m|||a
=008  210212s1908\\\\ua\ab\\\o\\\\\000\0\ara\d
=040  \\$aZYU$bara$erda$cZYU
=041  1\$aara$hund
=043  \\$af-et---
=100  1\$6880-01$aʻAẓm, Ṣādiq al-Muʼayyad,$d-1911.
=245  10$6880-02$aRiḥlat al-Ḥabashah.
=260  \\$6880-03$a[Cairo] :$bMaṭbaʻat al-Jarydah,$c1326 H. = 1908 M.
=300  \\$aonline resource (325 pages) :$billustrations, map
=336  \\$atext$2rdacontent
=337  \\$acomputer$2rdamedia
=338  \\$aonline resource$2rdacarrier
=500  \\$aTranslated into Arabic by Rafīq bey al-ʻAẓm and Ḥaqqī bey al-ʻAẓm.
=500  \\$aPart of the Arabic Collections Online (ACO) project, contributed by Princeton University Libraries.
=533  \\$aElectronic reproduction.$bNew York, N.Y. :$cNew York University,$d2021.$5NNU
=651  \0$aEthiopia$xDescription and travel.
=650  \7$aTravel.$2fast$0(OCoLC)fst01155558
=651  \7$aEthiopia.$2fast$0(OCoLC)fst01205830
=710  2\$aPrinceton University.$bLibrary.
=730  0\$aArabic Collections Online.
=776  08$iOnline version:$aʻAẓm, Ṣādiq al-Muʼayyad, -1911.$tRiḥlat al-Ḥabashah.$d[Cairo] 1326 [1908]$w(OCoLC)663204499
=776  08$iPrint version:$aʻAẓm, Ṣādiq al-Muʼayyad, -1911.$tRiḥlat al-Ḥabashah$w(NjP)2786323$w(OCoLC)42824087
=856  40$uhttp://hdl.handle.net/2333.1/gtht7hkd 
=880  1\$6100-01$aعظم، صادق المؤيد،$d-1911.
=880  10$6245-02$aرحلة الحبشة.
=880  \\$6260-03$a[القاهرة] :$bمطبعة الجريدة،$c1326 ه. = 1908 م.
=959  \\$aNNU$bWEB$cGENI$t0$mElectronic access$s01
=999  \\$iNjP_2786323$o(OCoLC)ocm42824087$sprinceton_aco004159:$e(ERROR-880)(ERROR-MISC)$sprinceton_aco004159:

