=LDR  02106nam a2200457Mi 4500
=001  903526
=003  NjP
=006  m\\\\\\\\d\\\\\\\\
=007  cr\cn\|||m|||a
=008  210212s1990\\\\ir\\\\\\ob\\\\000\0\ara\d
=040  \\$aZYU$bara$erda$cZYU
=041  1\$aara$hper
=100  1\$6880-01$aDastʹghayb, ʻAbd al-Ḥusayn.
=240  10$6880-02$aTawḥīd.$lArabic
=245  13$6880-03$aal-Tawḥīd /$ctaʼlīf ʻAbd al-Ḥusayn Dastʹghayb ; tarjamah Aḥmad al-Qabānchī.
=260  \\$6880-04$a[Iran] :$bDār al-Kitāb al-Islāmī,$c1990.
=300  \\$aonline resource (219 pages)
=336  \\$atext$2rdacontent
=337  \\$acomputer$2rdamedia
=338  \\$aonline resource$2rdacarrier
=490  1\$6880-05$aSilsilat uṣūl al-dīn ;$v1
=500  \\$aPart of the Arabic Collections Online (ACO) project, contributed by Princeton University Libraries.
=504  \\$aIncludes bibliographical references.
=533  \\$aElectronic reproduction.$bNew York, N.Y. :$cNew York University,$d2021.$5NNU
=650  \0$aGod (Islam)
=650  \0$aShīʻah$xDoctrines.
=650  \7$aGod (Islam)$2fast$0(OCoLC)fst00944142
=650  \7$aShīʻah$xDoctrines.$2fast$0(OCoLC)fst01117948
=710  2\$aPrinceton University.$bLibrary.
=730  0\$aArabic Collections Online.
=776  08$iPrint version:$aDastʹghayb, ʻAbd al-Ḥusayn.$tal-Tawḥīd$w(NjP)903526$w(OCoLC)30887232
=830  \0$6880-06$aSilsilat uṣūl al-dīn ;$v1.
=856  40$uhttp://hdl.handle.net/2333.1/s4mw6xgh 
=880  1\$6100-01$aدست‌هىب، عبد الحسىن.
=880  10$6240-02$aتوحيد.$lArabic
=880  12$6245-03$aالتوحيد /$cتأليف عبد الحسين دستغيب ؛ ترجمة احمد القبانچي.
=880  \\$6260-04$a[ايران] :$bدار الكتاب الاسلامي،$c1990.
=880  1\$6490-05$aسلسلة اصول الدين ؛$v1
=880  \0$6830-06$aسلسلة اصول الدين ؛$v1.
=959  \\$aNNU$bWEB$cGENI$t0$mElectronic access$s01
=999  \\$iNjP_903526$o(OCoLC)ocm30887232$sprinceton_aco002796$e(ERROR-880)(ERROR-MISC)$sprinceton_aco002796

