=LDR  02532nam a2200409Mi 4500
=001  224339
=003  NjP
=006  m\\\\\\\\d\\\\\\\\
=007  cr\cn\|||m|||a
=008  210212m19701982ir\\\\\\o\\\\\000\0\ara\d
=040  \\$aZYU$bara$erda$cZYU
=100  1\$6880-01$aShīrāzī, Muḥammad al-Mahdī al-Ḥusaynī.
=245  10$6880-02$aTawḍīḥ Nahj al-balāghah /$ctaʼlīf Āyatullāh Muḥammad al-Ḥusaynī al-Shīrāzī.
=260  \\$6880-03$aṬihrān :$bDār Turāth al-Shīʻah,$c[197-?-1982?]
=300  \\$aonline resource (4 volumes)
=336  \\$atext$2rdacontent
=337  \\$acomputer$2rdamedia
=338  \\$aonline resource$2rdacarrier
=500  \\$aIncludes fully vocalized text of Nahj al-balāghah.
=500  \\$aPart of the Arabic Collections Online (ACO) project, contributed by Princeton University Libraries.
=533  \\$aElectronic reproduction.$bNew York, N.Y. :$cNew York University,$d2021.$5NNU
=600  10$aSharīf al-Raḍī, Muḥammad ibn al-Ḥusayn,$d969 or 970-1016.$tNahj al-balāghah.
=600  00$aʻAlī ibn Abī Ṭālib,$cCaliph,$dapproximately 600-661$xHadith.
=600  07$aʻAlī ibn Abī Ṭālib,$cCaliph,$dapproximately 600-661.$2fast$0(OCoLC)fst01804105
=630  07$aNahj al-balāghah (Sharīf al-Raḍī, Muḥammad ibn al-Ḥusayn)$2fast$0(OCoLC)fst01368261
=650  \7$aHadith.$2fast$0(OCoLC)fst00950112
=700  12$6880-04$aSharīf al-Raḍī, Muḥammad ibn al-Ḥusayn,$d969 or 970-1016.$tNahj al-balāghah.
=710  2\$aPrinceton University.$bLibrary.
=730  0\$aArabic Collections Online.
=776  08$iPrint version:$aShīrāzī, Muḥammad al-Mahdī al-Ḥusaynī.$tTawḍīḥ Nahj al-balāghah$w(NjP)224339$w(OCoLC)80636825
=856  40$uhttp://hdl.handle.net/2333.1/fttdz9bb 
=880  1\$6100-01$aشيرازي، محمد المهدي الحسيني.
=880  10$6245-02$aتوضيح نهج البلاغة /$cتأليف اية الله محمد الحسيني الشيرازي.
=880  \\$6260-03$aطهران :$bدار تراث الشيعة،$c[197-?-1982?]
=880  12$6700-04$aشريف الرضي، محمد بن الحسين،$d969 or 970-1016.$tنهج البلاغة.
=959  \\$aNNU$bWEB$cGENI$t0$mElectronic access$s01
=999  \\$iNjP_224339$o(OCoLC)ocm80636825$sprinceton_aco003227:juz 1$sprinceton_aco002959:juz 2$sprinceton_aco002990:juz 3$sprinceton_aco003223:juz 4$e(ERROR-MISC)$sprinceton_aco003227:juz 1$sprinceton_aco002959:juz 2$sprinceton_aco002990:juz 3$sprinceton_aco003223:juz 4

