=LDR  02575nam a2200385Mi 4500
=001  906607
=003  NjP
=006  m\\\\\\\\d\\\\\\\\
=007  cr\cn\|||m|||a
=008  210212m19821984ir\\\\\\obd\\\001\0\ara\d
=040  \\$aZYU$bara$erda$cZYU
=100  0\$6880-01$aMuḥammadī Rayʹshahrī.
=245  10$6880-02$aMīzān al-ḥikmah :$bakhlāqī, ʻaqīdatī, ijtimāʻī, siyāsī iqtiṣādī, adabī /$cal-Muḥammmadī al-Rayʹshahrī.
=260  \\$6880-03$aQum :$bMarkaz al-Nashr, Maktab al-Iʻlām al-Islāmī,$c1362-1363 [1983-1984]
=300  \\$aonline resource (10 volumes)
=336  \\$atext$2rdacontent
=337  \\$acomputer$2rdamedia
=338  \\$aonline resource$2rdacarrier
=500  \\$aPart of the Arabic Collections Online (ACO) project, contributed by Princeton University Libraries.
=504  \\$aIncludes bibliographical references and indexes.
=533  \\$aElectronic reproduction.$bNew York, N.Y. :$cNew York University,$d2021.$5NNU
=630  00$aQurʼan$vDictionaries.$lArabic.
=650  \0$aHadith$vDictionaries$xArabic.
=630  07$aQurʼan.$2fast$0(OCoLC)fst01842877
=650  \7$aHadith.$2fast$0(OCoLC)fst00950112
=655  \7$aDictionaries.$2fast$0(OCoLC)fst01423826
=710  2\$aPrinceton University.$bLibrary.
=730  0\$aArabic Collections Online.
=776  08$iPrint version:$aMuḥammadī Rayʹshahrī.$tMīzān al-ḥikmah$w(NjP)906607$w(OCoLC)30940120
=856  40$uhttp://hdl.handle.net/2333.1/2rbp036f 
=880  0\$6100-01$aمحمدي ريشهري.
=880  10$6245-02$aميزان الحكمة :$bاخلاقي، عقيدتي، اجتماعي، سياسي اقتصادي، ادبي /$cالمحممدي الريشهري.
=880  \\$6260-03$aقم :$bمركز النشر، مكتب الاعلام الاسلامي،$c1362-1363 [1983-1984]
=959  \\$aNNU$bWEB$cGENI$t0$mElectronic access$s01
=999  \\$iNjP_906607$o(OCoLC)ocm30940120$sprinceton_aco002615:mujallad 1$sprinceton_aco002614:mujallad 2$sprinceton_aco002613:mujallad 3$sprinceton_aco002759:mujallad 4$sprinceton_aco002612:mujallad 5$sprinceton_aco002611:mujallad 6$sprinceton_aco002610:mujallad 7$sprinceton_aco002760:mujallad 8$sprinceton_aco002616:mujallad 9$sprinceton_aco002617:mujallad 10$e(ERROR-MISC)$sprinceton_aco002615:mujallad 1$sprinceton_aco002614:mujallad 2$sprinceton_aco002613:mujallad 3$sprinceton_aco002759:mujallad 4$sprinceton_aco002612:mujallad 5$sprinceton_aco002611:mujallad 6$sprinceton_aco002610:mujallad 7$sprinceton_aco002760:mujallad 8$sprinceton_aco002616:mujallad 9$sprinceton_aco002617:mujallad 10

