=LDR  01561nam a2200325Mi 4500
=001  2954776
=003  NjP
=006  m\\\\\\\\d\\\\\\\\
=007  cr\cn\|||m|||a
=008  210212s1921\\\\ir\\\\\\o\\\\\000\0\ara\d
=040  \\$aZYU$bara$erda$cZYU
=100  1\$6880-01$aMarandī, Abū al-Ḥasan.
=245  10$6880-02$aKitāb mustaṭāb Lamaʻāt al-anwār.
=260  \\$a[Tehran] :$b[publisher not identified],$c1338 [i.e. 1340 [1921]]
=300  \\$aonline resource (303, 23 pages)
=336  \\$atext$2rdacontent
=337  \\$acomputer$2rdamedia
=338  \\$aonline resource$2rdacarrier
=500  \\$aPart of the Arabic Collections Online (ACO) project, contributed by Princeton University Libraries.
=533  \\$aElectronic reproduction.$bNew York, N.Y. :$cNew York University,$d2021.$5NNU
=600  00$aMuḥammad al-Mahdī,$c12th imām,$d869-
=710  2\$aPrinceton University.$bLibrary.
=730  0\$aArabic Collections Online.
=776  08$iOnline version:$aMarandī, Abū al-Ḥasan.$tLamaʻān al-anwār.$d[Tehran] 1338 [i.e. 1340 [1921]]$w(OCoLC)659459301
=776  08$iPrint version:$aMarandī, Abū al-Ḥasan.$tKitāb mustaṭāb Lamaʻāt al-anwār$w(NjP)2954776$w(OCoLC)43492240
=856  40$uhttp://hdl.handle.net/2333.1/s7h44v46 
=880  1\$6100-01$aمرندى، ابو الحسن.
=880  10$6245-02$aكتاب مستطاب لمعات الانوار.
=959  \\$aNNU$bWEB$cGENI$t0$mElectronic access$s01
=999  \\$iNjP_2954776$o(OCoLC)ocm43492240$sprinceton_aco004694:$e(ERROR-880)(ERROR-MISC)$sprinceton_aco004694:

