=LDR  01421nam a2200325Mi 4500
=001  2945056
=003  NjP
=006  m\\\\\\\\d\\\\\\\\
=007  cr\cn\|||m|||a
=008  210212s1955\\\\sy\c\\\\o\\\\\000\0\ara\d
=040  \\$aZYU$bara$erda$cZYU
=100  1\$6880-01$aQiyāsah, ʻĀrif,$d1919-
=245  13$6880-02$aal-Burʻum al-ashqar, shiʻr.
=260  \\$6880-03$a[Damascus?] :$bDār al-Rāʼid al-ʻArabī,$c1955.
=300  \\$aonline resource (99 pages) :$bportrait
=336  \\$atext$2rdacontent
=337  \\$acomputer$2rdamedia
=338  \\$aonline resource$2rdacarrier
=500  \\$aPart of the Arabic Collections Online (ACO) project, contributed by Princeton University Libraries.
=533  \\$aElectronic reproduction.$bNew York, N.Y. :$cNew York University,$d2021.$5NNU
=546  \\$aIn Arabic.
=710  2\$aPrinceton University.$bLibrary.
=730  0\$aArabic Collections Online.
=776  08$iPrint version:$aQiyāsah, ʻĀrif, 1919-$tal-Burʻum al-ashqar, shiʻr$w(NjP)2945056$w(OCoLC)43244135
=856  40$uhttp://hdl.handle.net/2333.1/tdz08wwk 
=880  1\$6100-01$aقياسة، عارف،$d1919-
=880  12$6245-02$aالبرعم الاشقر، شعر.
=880  \\$6260-03$a[دمشق؟] :$bدار الرائد العربي،$c1955.
=959  \\$aNNU$bWEB$cGENI$t0$mElectronic access$s01
=999  \\$iNjP_2945056$o(OCoLC)ocm43244135$sprinceton_aco004476:$e(ERROR-MISC)$sprinceton_aco004476:

