=LDR  01923nam a2200373Mi 4500
=001  935574
=003  NjP
=006  m\\\\\\\\d\\\\\\\\
=007  cr\cn\|||m|||a
=008  210212s1989\\\\ir\\\\\\ob\\\\000\0\ara\d
=040  \\$aZYU$bara$erda$cZYU
=100  1\$6880-01$aĀṣafī, Muḥammad Mahdī.
=245  10$6880-02$aMafātīḥ al-dukhūl ilá riḥāb al-Qurʼān /$cbi-qalam Muḥammad Mahdī al-Āṣafī.
=260  \\$6880-03$aQum :$bDār al-Qurʼān al-Karīm,$c1409 [1989]
=300  \\$aonline resource (38 pages)
=336  \\$atext$2rdacontent
=337  \\$acomputer$2rdamedia
=338  \\$aonline resource$2rdacarrier
=500  \\$aExtracted from the proceedings of al-Muʼtamar al-Awwal lil-Abḥāth wa-al-Dirāsāt al-Qurʼānīyah (Qum : Dār al-Qurʼān al-Karīm, 27 Rajab 1409).
=500  \\$aPart of the Arabic Collections Online (ACO) project, contributed by Princeton University Libraries.
=504  \\$aIncludes bibliographical references.
=533  \\$aElectronic reproduction.$bNew York, N.Y. :$cNew York University,$d2021.$5NNU
=630  00$aQurʼan$xStudy and teaching.
=630  07$aQurʼan.$2fast$0(OCoLC)fst01842877
=650  \7$aEducation.$2fast$0(OCoLC)fst00902499
=710  2\$aPrinceton University.$bLibrary.
=730  0\$aArabic Collections Online.
=776  08$iPrint version:$aĀṣafī, Muḥammad Mahdī.$tMafātīḥ al-dukhūl ilá riḥāb al-Qurʼān$w(NjP)935574$w(OCoLC)31707253
=856  40$uhttp://hdl.handle.net/2333.1/b5mkm6j3 
=880  1\$6100-01$aآصفي، محمد مهدي.
=880  10$6245-02$aمفاتيح الدخول الى رحاب القرآن /$cبقلم محمد مهدي الاصفي.
=880  \\$6260-03$aقم :$bدار القرآن الكريم،$c1409 [1989]
=959  \\$aNNU$bWEB$cGENI$t0$mElectronic access$s01
=999  \\$iNjP_935574$o(OCoLC)ocm31707253$sprinceton_aco002728$e(ERROR-MISC)$sprinceton_aco002728

