=LDR  01652nam a2200361Mi 4500
=001  1131805
=003  NjP
=006  m\\\\\\\\d\\\\\\\\
=007  cr\cn\|||m|||a
=008  210212s1858\\\\tu\\\\\\o\\\\\000\0\ara\d
=040  \\$aZYU$bara$erda$cZYU
=050  14$aPJ6131$b.K333 1858
=100  1\$6880-01$aKaffawī, Muḥammad ibn Ḥumayd,$d-1760 or 1761.
=245  10$6880-02$aSharḥ al-Bināʼ /$cli-Muḥammad al-Kaffawī.
=260  \\$a[Istanbul] :$b[publisher not identified],$c1275 [1858]
=300  \\$aonline resource (79 pages)
=336  \\$atext$2rdacontent
=337  \\$acomputer$2rdamedia
=338  \\$aonline resource$2rdacarrier
=500  \\$aCaption title.
=500  \\$aPart of the Arabic Collections Online (ACO) project, contributed by Princeton University Libraries.
=533  \\$aElectronic reproduction.$bNew York, N.Y. :$cNew York University,$d2021.$5NNU
=600  10$aDunquzī, ʻAbd Allāh,$dactive 17th century.$tBināʼ al-afʻāl.
=650  \0$aArabic language$xMorphology.
=650  \7$aArabic language$xMorphology.$2fast$0(OCoLC)fst00812380
=710  2\$aPrinceton University.$bLibrary.
=730  0\$aArabic Collections Online.
=776  08$iPrint version:$aKaffawī, Muḥammad ibn Ḥumayd, -1760 or 1761.$tSharḥ al-Bināʼ$w(NjP)1131805$w(OCoLC)36783180
=856  40$uhttp://hdl.handle.net/2333.1/p5hqc8nm 
=880  1\$6100-01$aكفوي، محمد بن حميد،$d-1760 or 1761.
=880  10$6245-02$aشرح البناء /$cلمحمد الكفوي.
=959  \\$aNNU$bWEB$cGENI$t0$mElectronic access$s01
=999  \\$iNjP_1131805$o(OCoLC)ocm36783180$sprinceton_aco002947$e(ERROR-880)$sprinceton_aco002947

