=LDR  01931nam a2200385Mi 4500
=001  144697
=003  NjP
=006  m\\\\\\\\d\\\\\\\\
=007  cr\cn\|||m|||a
=008  210212s1954\\\\sy\a\\\\o\\\\\000\0cara\d
=040  \\$aZYU$bara$erda$cZYU
=043  \\$aa-sy---
=100  1\$6880-01$aRamzī, ʻUthmān.
=245  10$6880-02$aKitāb al-Jazīrah wa-rijalatihā :$btaʻrīf al-Jazīrah ilá abnāʼ Sūriyā wa-al-bilād al-ʻArabīyah /$cal-muʼallifān ʻUthmān Ramzī, Salīm Ḥānā.
=260  \\$6880-03$aal-Qāmishlī :$bMaṭbaʻat al-Khābūr,$c[1954?]
=300  \\$aonline resource (55 pages) :$billustrations
=336  \\$atext$2rdacontent
=337  \\$acomputer$2rdamedia
=338  \\$aonline resource$2rdacarrier
=500  \\$aCover title.
=500  \\$aPart of the Arabic Collections Online (ACO) project, contributed by Princeton University Libraries.
=533  \\$aElectronic reproduction.$bNew York, N.Y. :$cNew York University,$d2021.$5NNU
=651  \0$aJazīrah (Syria)$vBiography.
=655  \7$aBiographies.$2fast$0(OCoLC)fst01919896
=700  1\$6880-04$aḤānā, Salīm.
=710  2\$aPrinceton University.$bLibrary.
=730  0\$aArabic Collections Online.
=776  08$iPrint version:$aRamzī, ʻUthmān.$tKitāb al-Jazīrah wa-rijalatihā$w(NjP)144697$w(OCoLC)78556187
=856  40$uhttp://hdl.handle.net/2333.1/r4xgxq5z 
=880  1\$6100-01$aرمزي، عثمان.
=880  10$6245-02$aكتاب الجزيرة ورجالتها :$bتعريف الجزيرة الى ابناء سوريا والبلاد العربية /$cالمؤلفان عثمان رمزي، سليم حانا.
=880  \\$6260-03$aالقامشلي :$bمطبعة الخابور،$c[1954؟]
=880  1\$6700-04$aحانا، سليم.
=959  \\$aNNU$bWEB$cGENI$t0$mElectronic access$s01
=999  \\$iNjP_144697$o(OCoLC)ocm78556187$sprinceton_aco003691:$e(ERROR-MISC)$sprinceton_aco003691:

