=LDR  02692nam a2200481Mi 4500
=001  836445
=003  NjP
=006  m\\\\\\\\d\\\\\\\\
=007  cr\cn\|||m|||a
=008  210212s1988\\\\ir\\\\\\o\\\\\000\0\ara\d
=040  \\$aZYU$bara$erda$cZYU
=050  \4$aKBP874$b.K84x 1988
=100  1\$6880-01$aKūhʹkamarī, Muḥammad al-Ḥujjah,$d1892 or 1893-1952 or 1953.
=240  10$6880-02$aBayʻ
=245  10$6880-03$aKitāb al-bayʻ :$btaqrīr baḥth Āyat Allāh al-ʻUẓmá al-Sayyid Muḥammad al-Ḥujjah al-Kūhʹkamarī. Maʻa taʻlīqāt hāmmah wa-Risālat ḥujjīyat al-shuhrah /$cAbī Ṭālib al-Tajlīl al-Tabrīzī.
=246  3\$6880-04$aBayʻ
=246  3\$6880-05$aRisālat ḥujjīyat al-shuhrah
=250  \\$6880-06$aal-Ṭabʻah 2.
=260  \\$6880-07$aQum :$bMuʼassasat al-Nashr al-Islāmī al-tābiʻah li-Jamāʻat al-Mudarrisīn,$c1409 [1988 or 1989]
=300  \\$aonline resource (472 pages)
=336  \\$atext$2rdacontent
=337  \\$acomputer$2rdamedia
=338  \\$aonline resource$2rdacarrier
=500  \\$a"478."
=500  \\$aPart of the Arabic Collections Online (ACO) project, contributed by Princeton University Libraries.
=533  \\$aElectronic reproduction.$bNew York, N.Y. :$cNew York University,$d2021.$5NNU
=650  \0$aCommercial law (Islamic law)
=650  \7$aCommercial law (Islamic law)$2fast$0(OCoLC)fst00869534
=700  12$6880-08$aTabrīzī, Abū Ṭālib Tajlīl.$tRisālat ḥujjīyat al-shuhrah.
=710  2\$aPrinceton University.$bLibrary.
=730  0\$aArabic Collections Online.
=776  08$iPrint version:$aKūhʹkamarī, Muḥammad al-Ḥujjah, 1892 or 1893-1952 or 1953.$tKitāb al-bayʻ$w(NjP)836445$w(OCoLC)28930987
=856  40$uhttp://hdl.handle.net/2333.1/g1jwt4qt 
=880  1\$6100-01$aکوه‌مرى، محمد الحجه،$d1892 or 1893-1952 or 1953.
=880  10$6240-02$aبيع
=880  10$6245-03$aكتاب البيع :$bتقرير بحث آية الله العظمى السيد محمد الحجة الكوهكمري. مع تعليقات هامة ورسالة حجية الشهرة /$cابي طالب التجليل التبريزي.
=880  3\$6246-04$aبيع
=880  3\$6246-05$aرسالة حجية الشهرة
=880  \\$6250-06$aالطبعة 2.
=880  \\$6260-07$aقم :$bمؤسسة النشر الاسلامي التابعة لجماعة المدرسين،$c1409 [1988 or 1989]
=880  12$6700-08$aتبريزي، ابو طالب تجليل.$tرسالة حجية الشهرة.
=959  \\$aNNU$bWEB$cGENI$t0$mElectronic access$s01
=999  \\$iNjP_836445$o(OCoLC)ocm28930987$sprinceton_aco003410:$e(ERROR-880)$sprinceton_aco003410:

