=LDR  02193nam a2200421Mi 4500
=001  857280
=003  NjP
=006  m\\\\\\\\d\\\\\\\\
=007  cr\cn\|||m|||a
=008  210212s1916\\\\ir\\\\\\o\\\\\000\0\ara\d
=040  \\$aZYU$bara$erda$cZYU
=100  1\$6880-01$aKirmānī, Zayn al-ʻĀbidīn Khān.
=240  10$6880-02$aĪḍāḥ ishtibāh
=245  10$6880-03$aRasāʼil mubārakah īḍāḥ ishtibāh /$cZayn al-ʻĀbidīn Khān Kirmānī.
=246  3\$6880-04$aĪḍāḥ ishtibāh
=260  \\$6880-05$aTabrīz :$b[publisher not identified],$c1335 [1916 or 1917]
=300  \\$aonline resource (132 pages)
=336  \\$atext$2rdacontent
=337  \\$acomputer$2rdamedia
=338  \\$aonline resource$2rdacarrier
=500  \\$aPart of the Arabic Collections Online (ACO) project, contributed by Princeton University Libraries.
=533  \\$aElectronic reproduction.$bNew York, N.Y. :$cNew York University,$d2021.$5NNU
=650  \0$aShīʻah$xDoctrines.
=650  \7$aShīʻah$xDoctrines.$2fast$0(OCoLC)fst01117948
=710  2\$aPrinceton University.$bLibrary.
=730  0\$aArabic Collections Online.
=740  0\$6880-06$aĪḍāḥ ishtibāh
=776  08$iOnline version:$aKirmānī, Zayn al-ʻĀbidīn Khān.$sĪḍāḥ ishtibāh.$tRasāʼil mubārakah īḍāḥ ishtibāh.$dTabrīz : [s.n.], 1335 [1916 or 1917]$w(OCoLC)780181918
=776  08$iPrint version:$aKirmānī, Zayn al-ʻĀbidīn Khān.$tRasāʼil mubārakah īḍāḥ ishtibāh$w(NjP)857280$w(OCoLC)29685385
=856  40$uhttp://hdl.handle.net/2333.1/5dv41zrd 
=880  1\$6100-01$a‏كرمانى، زين العابدين خان.
=880  10$6240-02$a‏ايضاح اشتباه
=880  10$6245-03$a‏رسائل مباركه ايضاح اشتباه /‏$c‏زين العابدين خان كرمانى.
=880  3\$6246-04$aايضاح اشتباه
=880  \\$6260-05$aتبريز :$b[publisher not identified],$c1335 [1916 or 1917]
=880  0\$6740-06$a‏ايضاح اشتباه.
=959  \\$aNNU$bWEB$cGENI$t0$mElectronic access$s01
=999  \\$iNjP_857280$o(OCoLC)ocm29685385$sprinceton_aco003392:$e(ERROR-MISC)$sprinceton_aco003392:

