=LDR  02751nam a2200421Mi 4500
=001  861397
=003  NjP
=006  m\\\\\\\\d\\\\\\\\
=007  cr\cn\|||m|||a
=008  210212s1908\\\\ua\\\\\\o\\\\\000\0\ara\d
=040  \\$aZYU$bara$erda$cZYU
=100  1\$6880-01$aRawwās, Muḥammad Mahdī ibn ʻAlī,$d1805 or 1806-1870 or 1871.
=240  10$6880-02$aFadhlakat al-ḥaqīqah fī aḥkām al-ṭarīqah
=245  10$6880-03$aKitab fadhlakat al-ḥaqīqah fī aḥkām al-ṭarīqah /$cli-sayyidin⁻a al-Quṭub al-ghawth Bah⁻aʼ al-D⁻in Muḥammad Mahd⁻i ⁻Al Khiz⁻am al-Ṣayy⁻ad⁻i al-Rif⁻aʻi al-Ḥusaynī al-Husn⁻i al-mushtahar bi-al-Raww⁻as.
=246  3\$6880-04$aFadhlakat al-ḥaqīqah fī aḥkām al-ṭarīqah
=250  \\$6880-05$aAl-Ṭabʻah 1.
=260  \\$6880-06$aMiṣr :$bMaṭbaʻat ʻAl⁻i Sukkar,$c1326 [1908]
=300  \\$aonline resource (53 pages)
=336  \\$atext$2rdacontent
=337  \\$acomputer$2rdamedia
=338  \\$aonline resource$2rdacarrier
=500  \\$aPart of the Arabic Collections Online (ACO) project, contributed by Princeton University Libraries.
=533  \\$aElectronic reproduction.$bNew York, N.Y. :$cNew York University,$d2021.$5NNU
=650  \0$aIslamic law.
=650  \7$aIslamic law.$2fast$0(OCoLC)fst00979949
=710  2\$aPrinceton University.$bLibrary.
=730  0\$aArabic Collections Online.
=776  08$iOnline version:$aRaww⁻as, Muḥammad Mahd⁻i ⁻ibn ʻAl⁻i, 1805 or 6-1870 or 71.$sFadhlakat al-ḥaq⁻iqah f⁻i aḥk⁻am al-ṭar⁻iqah.$tKit⁻ab fadhlakat al-ḥaq⁻iqah f⁻i aḥk⁻am al-ṭar⁻iqah.$bAl-Ṭabʻah 1.$dMiṣr : Maṭbaʻat ʻAl⁻i Sukkar, 1326 [1908]$w(OCoLC)656805905
=776  08$iPrint version:$aRawwās, Muḥammad Mahdī ibn ʻAlī, 1805 or 1806-1870 or 1871.$tKitab fadhlakat al-ḥaqīqah fī aḥkām al-ṭarīqah$w(NjP)861397$w(OCoLC)29784508
=856  40$uhttp://hdl.handle.net/2333.1/bg79czq1 
=880  1\$6100-01$aرواس، محمد مهدي بن علي،$d1805 or 1806-1870 or 1871.
=880  10$6240-02$aفذلكة الحقيقة في احكام الطريقة
=880  10$6245-03$aكتب فذلكة الحقيقة في احكام الطريقة /$cلسيدن القطب الغوث بهأ الدن محمد مهد ل خزم الصيد الرفع الحسيني الهسن المشتهر بالروس.
=880  3\$6246-04$aفذلكة الحقيقة في احكام الطريقة
=880  \\$6250-05$aالطبعة 1.
=880  \\$6260-06$aمصر :$bمطبعة عل سكر،$c1326 [1908]
=959  \\$aNNU$bWEB$cGENI$t0$mElectronic access$s01
=999  \\$iNjP_861397$o(OCoLC)ocm29784508$sprinceton_aco004454:$e(ERROR-MISC)$sprinceton_aco004454:

