=LDR  01906nam a2200337Mi 4500
=001  2835696
=003  NjP
=006  m\\\\\\\\d\\\\\\\\
=007  cr\cn\|||m|||a
=008  210212s1953\\\\le\\\\\\o\\\\\000\0\ara\d
=040  \\$aZYU$bara$erda$cZYU
=100  1\$6880-01$aSibāʻī, Muṣṭafá,$d1915-1964.
=245  10$6880-02$aLimādhā akhfaqat al-Jāmiʻah al-ʻArabīyah? wa-kayfa taṣbaḥu adāh nāfiʻah lil-ʻArab? :$bNaṣṣ al-kalimah allatī alqāhā Muṣṭafá fī iḥtifāl al-Hayʼah al-Waṭanīyah fī Lubnān.
=260  \\$a[Beirut] :$b[publisher not identified],$c1953.
=300  \\$aonline resource (16 pages)
=336  \\$atext$2rdacontent
=337  \\$acomputer$2rdamedia
=338  \\$aonline resource$2rdacarrier
=500  \\$aPart of the Arabic Collections Online (ACO) project, contributed by Princeton University Libraries.
=533  \\$aElectronic reproduction.$bNew York, N.Y. :$cNew York University,$d2021.$5NNU
=546  \\$aIn Arabic.
=610  20$aLeague of Arab States.
=610  27$aLeague of Arab States.$2fast$0(OCoLC)fst00540088
=710  2\$aPrinceton University.$bLibrary.
=730  0\$aArabic Collections Online.
=776  08$iPrint version:$aSibāʻī, Muṣṭafá, 1915-1964.$tLimādhā akhfaqat al-Jāmiʻah al-ʻArabīyah? wa-kayfa taṣbaḥu adāh nāfiʻah lil-ʻArab?$w(NjP)2835696$w(OCoLC)42939342
=856  40$uhttp://hdl.handle.net/2333.1/pc86746k 
=880  1\$6100-01$aسباعي، مصطفى،$d1915-1964.
=880  10$6245-02$aلماذا اخفقت الجامعة العربية؟ وكيف تصبح اداة نافعة للعرب؟ :$bنص الكملة التي القاها مصطفى في احتفال الهيئه الوطنية في لبنان.
=959  \\$aNNU$bWEB$cGENI$t0$mElectronic access$s01
=999  \\$iNjP_2835696$o(OCoLC)ocm42939342$sprinceton_aco001959$e(ERROR-880)(ERROR-MISC)$sprinceton_aco001959

