=LDR  02122nam a2200469Mi 4500
=001  324593
=003  NjP
=006  m\\\\\\\\d\\\\\\\\
=007  cr\cn\|||m|||a
=008  210212m19239999ua\\\\\\o\\\\\000\1\ara\d
=040  \\$aZYU$bara$erda$cZYU
=041  1\$aara$hfre
=043  \\$ae-fr---
=100  1\$6880-01$aHugo, Victor,$d1802-1885.
=240  10$aMisérables.$lArabic
=245  13$6880-02$aal-Buʼasāʼ /$cli-Fīktūr Hūjū ; taʻrīb Muḥammad Ḥāfiẓ Ibrāhīm.
=250  \\$6880-03$aal-Ṭabʻah 2.
=260  \\$6880-04$aMiṣr :$bYuṭlabu min Maktabat al-Hilāl,$c1923-
=300  \\$aonline resource (volumes)
=336  \\$atext$2rdacontent
=337  \\$acomputer$2rdamedia
=338  \\$aonline resource$2rdacarrier
=500  \\$aTranslation of: Les misérables.
=500  \\$aPart of the Arabic Collections Online (ACO) project, contributed by Princeton University Libraries.
=533  \\$aElectronic reproduction.$bNew York, N.Y. :$cNew York University,$d2021.$5NNU
=651  \0$aParis (France)$xSocial life and customs$y19th century$vFiction.
=651  \0$aFrance$xSocial life and customs$y19th century$vFiction.
=650  \7$aManners and customs.$2fast$0(OCoLC)fst01007815
=651  \7$aFrance.$2fast$0(OCoLC)fst01204289
=651  \7$aFrance$zParis.$2fast$0(OCoLC)fst01205283
=648  \7$a1800-1899$2fast
=655  \7$aFiction.$2fast$0(OCoLC)fst01423787
=710  2\$aPrinceton University.$bLibrary.
=730  0\$aArabic Collections Online.
=776  08$iPrint version:$aHugo, Victor, 1802-1885.$tal-Buʼasāʼ$w(NjP)324593$w(OCoLC)79716598
=856  40$uhttp://hdl.handle.net/2333.1/8sf7m9d1 
=880  1\$6100-01$aهوجو، فيكتور،$d1802-1885.
=880  12$6245-02$aالبؤساء /$cلفيكتور هوجوا ؛ تعريب محمد حافظ ابراهيم.
=880  \\$6250-03$aالطبعة 2.
=880  \\$6260-04$aمصر :$bيطلب من مكتبة الهلال،$c1923-
=959  \\$aNNU$bWEB$cGENI$t0$mElectronic access$s01
=999  \\$iNjP_324593$o(OCoLC)ocm79716598$sprinceton_aco002940:juz 2$e(ERROR-880)(ERROR-MISC)$sprinceton_aco002940:juz 2

