=LDR  01856nam a2200337Mi 4500
=001  3033647
=003  NjP
=006  m\\\\\\\\d\\\\\\\\
=007  cr\cn\|||m|||a
=008  210212s197u\\\\ir\\\\\\o\\\\\000\0\ara\d
=040  \\$aZYU$bara$erda$cZYU
=100  1\$6880-01$aQummī, ʻAbbās ibn Muḥammad Riḍā,$d-1941.
=245  10$6880-02$aMafātīḥ al-jinān :$bal-muʻarrab ṭibqan li-mutūn al-aḥādīth wa-nuṣūṣ al-maṣādir /$ctaʼlīf ʻAbbās al-Qummī ; taʻrīb Mudʼammad Riḍá al-Nūrī al-Najafī.
=260  \\$6880-03$aTiḥrān :$bMaktabah al-Islāmīyah,$c[1970?]
=300  \\$aonline resource (12, 611, 4 pages)
=336  \\$atext$2rdacontent
=337  \\$acomputer$2rdamedia
=338  \\$aonline resource$2rdacarrier
=500  \\$aPart of the Arabic Collections Online (ACO) project, contributed by Princeton University Libraries.
=533  \\$aElectronic reproduction.$bNew York, N.Y. :$cNew York University,$d2021.$5NNU
=546  \\$aIn Arabic.
=650  \0$aShiites$xCustoms and practices.
=710  2\$aPrinceton University.$bLibrary.
=730  0\$aArabic Collections Online.
=776  08$iPrint version:$aQummī, ʻAbbās ibn Muḥammad Riḍā, -1941.$tMafātīḥ al-jinān$w(NjP)3033647$w(OCoLC)43538184
=856  40$uhttp://hdl.handle.net/2333.1/gqnk9kvb 
=880  1\$6100-01$aقمي، عباس بن محمد رضا،$d-1941.
=880  10$6245-02$aمفاتيح الجنان :$bالمعرب طبقًاً لمتون الاحاديث ونصوص المصادر /$cتأليف عباس القمي ؛ تعريب مدأمد رضى النوري النجفي.
=880  \\$6260-03$aتهران :$bمكتبة الاسلامية،$c[1970؟]
=959  \\$aNNU$bWEB$cGENI$t0$mElectronic access$s01
=999  \\$iNjP_3033647$o(OCoLC)ocm43538184$sprinceton_aco003930:$e(ERROR-MISC)$sprinceton_aco003930:

