=LDR  02066nam a2200397Mi 4500
=001  499196
=003  NjP
=006  m\\\\\\\\d\\\\\\\\
=007  cr\cn\|||m|||a
=008  210212s1984\\\\ir\\\\\\ob\\\\000\0\ara\d
=040  \\$aZYU$bara$erda$cZYU
=043  \\$aa-iq---
=100  1\$6880-01$aIṣṭihbānātī, Muḥammad Ḥasan.
=245  10$6880-02$aNūr al-ʻayn fī al-mashy ilá ziyārat qabr al-Ḥusayn, ʻalayhi al-salām /$ctaʼlīf Muḥammad Ḥasan al-Iṣṭihbānātī.
=250  \\$6880-03$aal-Ṭabʻah 1.
=260  \\$6880-04$aṬihrān :$bMaktabat al-Ṣadūq,$c1405 [1984 or 1985]
=300  \\$aonline resource (352 pages)
=336  \\$atext$2rdacontent
=337  \\$acomputer$2rdamedia
=338  \\$aonline resource$2rdacarrier
=500  \\$aPart of the Arabic Collections Online (ACO) project, contributed by Princeton University Libraries.
=504  \\$aIncludes bibliographical references.
=533  \\$aElectronic reproduction.$bNew York, N.Y. :$cNew York University,$d2021.$5NNU
=650  \0$aMuslim pilgrims and pilgrimages$zIraq$zKarbalāʼ.
=650  \7$aMuslim pilgrims and pilgrimages.$2fast$0(OCoLC)fst01030970
=651  \7$aIraq$zKarbalāʼ$2fast$0(OCoLC)fst01232324
=710  2\$aPrinceton University.$bLibrary.
=730  0\$aArabic Collections Online.
=776  08$iPrint version:$aIṣṭihbānātī, Muḥammad Ḥasan.$tNūr al-ʻayn fī al-mashy ilá ziyārat qabr al-Ḥusayn, ʻalayhi al-salām$w(NjP)499196$w(OCoLC)26629623
=856  40$uhttp://hdl.handle.net/2333.1/qfttf82s 
=880  1\$6100-01$aاصطهباناتي، محمد حسن.
=880  10$6245-02$aنور العين في المشي الى زيارة قبر الحسين، عليه السلام /$cتأليف محمد حسن الاصطهباناتي.
=880  \\$6250-03$aالطبعة 1.
=880  \\$6260-04$aطهران :$bمكتبة الصدوق،$c1405 [1984 or 1985]
=959  \\$aNNU$bWEB$cGENI$t0$mElectronic access$s01
=999  \\$iNjP_499196$o(OCoLC)ocm26629623$sprinceton_aco002984$e(ERROR-MISC)$sprinceton_aco002984

