=LDR  01705nam a2200385Mi 4500
=001  5344689
=003  NjP
=006  m\\\\\\\\d\\\\\\\\
=007  cr\cn\|||m|||a
=008  210212s1952\\\\jo\\\\\\od\\\\000\0\ara\d
=040  \\$aZYU$bara$erda$cZYU
=050  \4$aU25$b.Q1
=245  03$6880-01$aal-Qāmūs al-ʻaskarī :$bʻArabī - Inklīzī.
=246  1\$aArab Legion military dictionary :$bEnglish - Arabic.
=250  \\$a[1st ed.]
=260  \\$a[Amman?] :$b[publisher not identified],$c[1952]
=300  \\$aonline resource (196 pages)
=336  \\$atext$2rdacontent
=337  \\$acomputer$2rdamedia
=338  \\$aonline resource$2rdacarrier
=500  \\$aEquivalents of English words given in phonetic Arabic and phonetic English.
=500  \\$aPart of the Arabic Collections Online (ACO) project, contributed by Princeton University Libraries.
=533  \\$aElectronic reproduction.$bNew York, N.Y. :$cNew York University,$d2021.$5NNU
=650  \0$aMilitary art and science$vDictionaries.
=650  \0$aEnglish language$vDictionaries$xArabic.
=650  \7$aEnglish language.$2fast$0(OCoLC)fst00910920
=650  \7$aMilitary art and science.$2fast$0(OCoLC)fst01020874
=655  \7$aDictionaries.$2fast$0(OCoLC)fst01423826
=710  2\$aPrinceton University.$bLibrary.
=730  0\$aArabic Collections Online.
=776  08$iPrint version:$tal-Qāmūs al-ʻaskarī$w(NjP)5344689$w(OCoLC)8196875
=856  40$uhttp://hdl.handle.net/2333.1/rfj6qgb2 
=880  02$6245-01$aالقاموس العسكري :$bعربي - انكليزي.
=959  \\$aNNU$bWEB$cGENI$t0$mElectronic access$s01
=999  \\$iNjP_5344689$o(OCoLC)ocm08196875$sprinceton_aco004287:$e(ERROR-880)$sprinceton_aco004287:

