=LDR  01847nam a2200349Mi 4500
=001  2788073
=003  NjP
=006  m\\\\\\\\d\\\\\\\\
=007  cr\cn\|||m|||a
=008  210212s1920\\\\ti\\\\\\o\\\\\000\0\ara\d
=040  \\$aZYU$bara$erda$cZYU
=100  1\$6880-01$aKhaznahdār, Muḥammad al-Shādhilī.
=245  10$6880-02$aḤayāt al-Shiʻr wa-Aṭwāruh :$bmusāmarah /$cMuḥammad al-Shādhilī Khaznahdār.
=260  \\$6880-03$aTūnis :$bal-Maṭbaʻah al-Tūnisīyah,$c1338 [H.] = 1920 [M.]
=300  \\$aonline resource (52 pages)
=336  \\$atext$2rdacontent
=337  \\$acomputer$2rdamedia
=338  \\$aonline resource$2rdacarrier
=500  \\$aPart of the Arabic Collections Online (ACO) project, contributed by Princeton University Libraries.
=533  \\$aElectronic reproduction.$bNew York, N.Y. :$cNew York University,$d2021.$5NNU
=546  \\$aIn Arabic.
=650  \0$aArabic poetry$xHistory and criticism.
=710  2\$aPrinceton University.$bLibrary.
=730  0\$aArabic Collections Online.
=776  08$iOnline version:$aKhaznadār, Muḥammad al-Shādhilī, 1881 or 2-$tḤayāt al-shiʻr wa-aṭwāruh.$dTunis, al-Maṭbaʻah al-Tūnisīyah, 1920$w(OCoLC)656563705
=776  08$iPrint version:$aKhaznahdār, Muḥammad al-Shādhilī.$tḤayāt al-Shiʻr wa-Aṭwāruh$w(NjP)2788073$w(OCoLC)42865740
=856  40$uhttp://hdl.handle.net/2333.1/1zcrjqgm 
=880  1\$6100-01$aخزنة دار، محمد الشاذلي.
=880  10$6245-02$aحياة الشعر وأطواره :$bمسامرة /$cمحمد الشاذلي خزنة دار.
=880  \\$6260-03$aتونس :$bالمطبعة التونسية،$c1338 [هـ.] = 1920 [م.]
=959  \\$aNNU$bWEB$cGENI$t0$mElectronic access$s01
=999  \\$iNjP_2788073$o(OCoLC)ocm42865740$sprinceton_aco004456:$e(ERROR-MISC)$sprinceton_aco004456:

