=LDR  02133nam a2200397Mi 4500
=001  446514
=003  NjP
=006  m\\\\\\\\d\\\\\\\\
=007  cr\cn\|||m|||a
=008  210212s1937\\\\le\a\\\\ob\\\\000\0bara\d
=040  \\$aZYU$bara$erda$cZYU
=245  00$6880-01$aIstishhād Ibrāhīm Amārah fī Dimashq sanat 1840 :$bnaqlan ʻan maḥḍar al-qaḍīyah al-aṣlī /$cnasharahu li-awwal marrah wa-ʻallaqa ʻalayhi Būlus Qarʼalī.
=246  3\$aMartyre d'Ibrahim Amârah a Damas en 1840
=264  \1$6880-02$aḤarīṣā :$bMaṭbaʻat al-Qiddīs Būlus,$c1937.
=300  \\$aonline resource (89 pages) :$billustrations
=336  \\$atext$2rdacontent
=337  \\$acomputer$2rdamedia
=338  \\$aonline resource$2rdacarrier
=500  \\$aTitle on p. [4] of cover: Le martyre d'Ibrahim Amârah a Damas en 1840.
=500  \\$aPart of the Arabic Collections Online (ACO) project, contributed by Princeton University Libraries.
=504  \\$aIncludes bibliographical references.
=533  \\$aElectronic reproduction.$bNew York, N.Y. :$cNew York University,$d2021.$5NNU
=600  10$aAmārah, Ibrāhīm,$d-1840$xAssassination.
=600  17$aAmārah, Ibrāhīm,$d-1840$2fast$0(OCoLC)fst01804347
=650  \7$aAssassination.$2fast$0(OCoLC)fst00818962
=700  1\$6880-03$aQarʼalī, Būlus,$d-1952.
=710  2\$aPrinceton University.$bLibrary.
=730  0\$aArabic Collections Online.
=752  \\$aLebanon$dHarissa.
=776  08$iPrint version:$tIstishhād Ibrāhīm Amārah fī Dimashq sanat 1840$w(NjP)446514$w(OCoLC)25521344
=856  40$uhttp://hdl.handle.net/2333.1/f4qrfv88 
=880  00$6245-01$aاستشهاد ابراهيم أمارة في دمشق سنة 1840 :$bنقلا عن محضر القضية الأصلي /$cنشره لأول مرة وعلق عليه بولس قرألي.
=880  \1$6264-02$aحريصا :$bمطبعة القديس بولس،$c1937.
=880  1\$6700-03$aقرألي, بولس,$d-1952.
=959  \\$aNNU$bWEB$cGENI$t0$mElectronic access$s01
=999  \\$iNjP_446514$o(OCoLC)ocm25521344$sprinceton_aco002198$e(ERROR-880)(ERROR-MISC)$sprinceton_aco002198

