=LDR  01974nam a2200421Mi 4500
=001  1494060
=003  NjP
=006  m\\\\\\\\d\\\\\\\\
=007  cr\cn\|||m|||a
=008  210212s1898\\\\ti\\\\\\o\\\\\001\0\ara\d
=040  \\$aZYU$bara$erda$cZYU
=043  \\$aaw-----$aff-----$ae-sp---
=100  0\$6880-01$aIbn al-Khaṭīb,$d1313-1374.
=245  10$6880-02$aRaqm al-ḥulal fī naẓm al-duwal /$ctaʼlīf ʼAbī ʻAbd Allāh Ibn al-Khatīb al-Silmānī.
=264  \1$6880-03$aTūnis :$bal-Maṭbaʻah al-ʻumūmīyah,$c1316 [1898]
=300  \\$aonline resource (122 pages)
=336  \\$atext$2rdacontent
=337  \\$acomputer$2rdamedia
=338  \\$aonline resource$2rdacarrier
=500  \\$aWith a commentary by the author.
=500  \\$aIncludes index.
=500  \\$aPart of the Arabic Collections Online (ACO) project, contributed by Princeton University Libraries.
=533  \\$aElectronic reproduction.$bNew York, N.Y. :$cNew York University,$d2021.$5NNU
=650  \0$aCaliphs$vBiography.
=651  \0$aIslamic Empire$xHistory.
=650  \7$aCaliphs.$2fast$0(OCoLC)fst00844318
=651  \7$aIslamic Empire.$2fast$0(OCoLC)fst01244134
=655  \7$aBiographies.$2fast$0(OCoLC)fst01919896
=655  \7$aHistory.$2fast$0(OCoLC)fst01411628
=710  2\$aPrinceton University.$bLibrary.
=730  0\$aArabic Collections Online.
=776  08$iPrint version:$aIbn al-Khaṭīb, 1313-1374.$tRaqm al-ḥulal fī naẓm al-duwal$w(NjP)1494060$w(OCoLC)264966339
=856  40$uhttp://hdl.handle.net/2333.1/sf7m0pk4 
=880  0\$6100-01$aابن الخطيب،$d1313-1374.
=880  10$6245-02$aرقم الحلل في نظم الدول /$cتأليف ءبي عبد الله ابن الختيب السلماني.
=880  \1$6264-03$aتونس :$bالمطبعة العمومية،$c1316 [1898]
=959  \\$aNNU$bWEB$cGENI$t0$mElectronic access$s01
=999  \\$iNjP_1494060$o(OCoLC)ocn264966339$sprinceton_aco002531$e(ERROR-MISC)$sprinceton_aco002531

