=LDR  03159nam a2200493Mi 4500
=001  2771812
=003  NjP
=006  m\\\\\\\\d\\\\\\\\
=007  cr\cn\|||m|||a
=008  210212s1970\\\\iq\\\\\\ob\\\\001\0\arard
=040  \\$aZYU$bara$erda$cZYU
=050  14$aBP194$b.A25x 1970
=100  1\$6880-01$aĀbī, Ṣāʻid ibn Muḥammad.
=245  13$6880-02$aal-Ḥudūd wa-al-ḥaqāʼiq fī sharḥ al-alfāẓ al-muṣṭalaḥah bayna al-mutakallimīn min al-Imāmīyah /$ctaʼlīf Ashraf al-Dīn Ṣāʻid al-Barīdī al-Ābī ; taḥqīq Ḥusayn ʻAlī Maḥfūẓ.
=246  15$6880-03$aHudud wal - haqa'iq fi sharh al-alfaz al-mustalaha bainal mutakallimin minal - Imamiyya
=260  \\$6880-04$aBaghdād :$bMaṭbaʻat al-Maʻārif,$c1970.
=300  \\$aonline resource (30 pages)
=336  \\$atext$2rdacontent
=337  \\$acomputer$2rdamedia
=338  \\$aonline resource$2rdacarrier
=490  1\$6880-05$aMaṭbūʻāt Maktabat Dīwān Āl al-Khāliṣī al-ʻĀmmah fī al-Kāẓimīyah ;$v2
=500  \\$aPart of the Arabic Collections Online (ACO) project, contributed by Princeton University Libraries.
=504  \\$aIncludes bibliographical references (page 6) and index.
=533  \\$aElectronic reproduction.$bNew York, N.Y. :$cNew York University,$d2021.$5NNU
=650  \0$aShīʻah$xDoctrines$xTerminology$vEarly works to 1800.
=650  \0$aArabic language$vTerms and phrases$vEarly works to 1800.
=650  \7$aArabic language.$2fast$0(OCoLC)fst00812287
=655  \7$aEarly works.$2fast$0(OCoLC)fst01411636
=655  \7$aTerms and phrases.$2fast$0(OCoLC)fst01423862
=700  1\$6880-06$aMaḥfūẓ, Ḥusayn ʻAlī.
=710  2\$aPrinceton University.$bLibrary.
=730  0\$aArabic Collections Online.
=776  08$iPrint version:$aĀbī, Ṣāʻid ibn Muḥammad.$tal-Ḥudūd wa-al-ḥaqāʼiq fī sharḥ al-alfāẓ al-muṣṭalaḥah bayna al-mutakallimīn min al-Imāmīyah$w(NjP)2771812$w(OCoLC)36639759
=830  \0$6880-07$aMaṭbūʻāt Maktabat Dīwān Āl al-Khāliṣī al-ʻĀmmah fī al-Kāẓimīyah ;$v2.
=856  40$uhttp://hdl.handle.net/2333.1/189328f2 
=880  1\$6100-01$aآبي، صاعد بن محمد.
=880  12$6245-02$aالحدود والحقائق في شرح الألفاظ المصطلحة بين المتکلمين من الأئمة /$cتأليف أشرف الدين صاعد البريدي الآبي ؛ تحقيق حسين علي محفوظ.
=880  15$6246-03$aالحدود والحقائق في شرح الألفاظ المصطلحة بين المتکلمين من الأئمة
=880  \\$6260-04$aبغداد :$bمطبعة المعارف،$c١٩٧٠.
=880  1\$6490-05$aمطبوعات مکتبة ديوان آل الخالصي العامة في الکاظمية ؛$v٢
=880  1\$6700-06$aمحفوظ، حسين علي.
=880  \0$6830-07$aمطبوعات مکتبة ديوان آل الخالصي العامة في الکاظمية ؛$v٢.
=959  \\$aNNU$bWEB$cGENI$t0$mElectronic access$s01
=999  \\$iNjP_2771812$o(OCoLC)ocm36639759$sprinceton_aco003529:$e(ERROR-880)$sprinceton_aco003529:

