=LDR  01767nam a2200349Mi 4500
=001  2834182
=003  NjP
=006  m\\\\\\\\d\\\\\\\\
=007  cr\cn\|||m|||a
=008  210212s1878\\\\ua\\\\\\o\\\\\000\0\ara\d
=040  \\$aZYU$bara$erda$cZYU
=050  \4$aDS448.S25$bA23
=100  1\$6880-01$aṢaffūrī, ʻAbd al-Raḥmān ibn ʻAbd al-Salām,$d-1489.
=245  10$6880-02$aNuzhat al-majālis wa-muntakhab al-nafāʼis.
=260  \\$a[Cairo] :$b[publisher not identified],$c[1296] [1878]
=300  \\$aonline resource (2 volumes)
=336  \\$atext$2rdacontent
=337  \\$acomputer$2rdamedia
=338  \\$aonline resource$2rdacarrier
=500  \\$aPart of the Arabic Collections Online (ACO) project, contributed by Princeton University Libraries.
=533  \\$aElectronic reproduction.$bNew York, N.Y. :$cNew York University,$d2021.$5NNU
=546  \\$aIn Arabic.
=650  \0$aIslam$vMiscellanea$vEarly works to 1800.
=710  2\$aPrinceton University.$bLibrary.
=730  0\$aArabic Collections Online.
=776  08$iOnline version:$aṢaffūrī, ʻAbd al-Raḥmān ibn ʻAbd al-Salām, -1489.$tNuzhat al-majālis wa-muntakhab al-nafāʼis.$d[Cairo, 1296 [1878]]$w(OCoLC)657009128
=776  08$iPrint version:$aṢaffūrī, ʻAbd al-Raḥmān ibn ʻAbd al-Salām, -1489.$tNuzhat al-majālis wa-muntakhab al-nafāʼis$w(NjP)2834182$w(OCoLC)42893200
=856  40$uhttp://hdl.handle.net/2333.1/1rn8pvz0 
=880  1\$6100-01$aصفوري، عبد الرحمن بن عبد السلام،$d-1489.
=880  10$6245-02$aنزهة المجالس ومنتخب النفائس.
=959  \\$aNNU$bWEB$cGENI$t0$mElectronic access$s01
=999  \\$iNjP_2834182$o(OCoLC)ocm42893200$sprinceton_aco004691:vol.1$e(ERROR-880)$sprinceton_aco004691:vol.1

