=LDR  01639nam a2200361Mi 4500
=001  463037
=003  NjP
=006  m\\\\\\\\d\\\\\\\\
=007  cr\cn\|||m|||a
=008  210212s1949\\\\ua\\\\\\ob\\\\000\0\ara\d
=040  \\$aZYU$bara$erda$cZYU
=100  1\$6880-01$aKaram, Yūsuf,$d1886-1959.
=245  10$6880-02$aTārīkh al-falsafah al-ḥadīthah /$cYūsuf Karam.
=260  \\$6880-03$aMiṣr :$bDār al-Maʻārif,$c[1949]
=300  \\$aonline resource (454 pages)
=336  \\$atext$2rdacontent
=337  \\$acomputer$2rdamedia
=338  \\$aonline resource$2rdacarrier
=500  \\$aPart of the Arabic Collections Online (ACO) project, contributed by Princeton University Libraries.
=504  \\$aIncludes bibliographical references (pages 441-442).
=533  \\$aElectronic reproduction.$bNew York, N.Y. :$cNew York University,$d2021.$5NNU
=650  \0$aPhilosophy, Modern$xHistory.
=650  \7$aPhilosophy, Modern.$2fast$0(OCoLC)fst01061071
=655  \7$aHistory.$2fast$0(OCoLC)fst01411628
=710  2\$aPrinceton University.$bLibrary.
=730  0\$aArabic Collections Online.
=776  08$iPrint version:$aKaram, Yūsuf, 1886-1959.$tTārīkh al-falsafah al-ḥadīthah$w(NjP)463037$w(OCoLC)175307349
=856  40$uhttp://hdl.handle.net/2333.1/866t1s21 
=880  1\$6100-01$aكرم، يوسف،$d1886-1959.
=880  10$6245-02$aتاريخ الفلسفة الحديثة /$cيوسف كرم.
=880  \\$6260-03$aمصر :$bدار المعارف،$c[1949]
=959  \\$aNNU$bWEB$cGENI$t0$mElectronic access$s01
=999  \\$iNjP_463037$o(OCoLC)ocn175307349$sprinceton_aco002687$e(ERROR-MISC)$sprinceton_aco002687

