=LDR  02695nam a2200493Mi 4500
=001  614728
=003  NjP
=006  m\\\\\\\\d\\\\\\\\
=007  cr\cn\|||m|||a
=008  210212s1985\\\\ir\\\\\\ob\\\\000\0\ara\d
=040  \\$aZYU$bara$erda$cZYU
=100  1\$6880-01$aKhūʼī, Abū al-Qāsim ibn ʻAlī Akbar,$d1899-
=240  10$6880-02$aKhums
=245  10$6880-03$aKitāb al-Khums :$bmuḥāḍarāt zaʻīm al-ḥawzah al-ʻilmīyah Āyat Allāh al-ʻUẓmá al-Sayyid Abū al-Qāsim al-Mūsawī al-Khūʼī ... /$c[taʼlīf Murtaḍá al-Burūjirdī].
=260  \\$6880-04$a[Qum] :$bLuṭfī,$c1394 [1985 or 1986]
=300  \\$aonline resource (375 pages)
=336  \\$atext$2rdacontent
=337  \\$acomputer$2rdamedia
=338  \\$aonline resource$2rdacarrier
=490  1\$6880-05$aMustanad al-ʻUrwah al-wuthqá
=500  \\$aCover title.
=500  \\$aPart of the Arabic Collections Online (ACO) project, contributed by Princeton University Libraries.
=504  \\$aIncludes bibliographical references.
=533  \\$aElectronic reproduction.$bNew York, N.Y. :$cNew York University,$d2021.$5NNU
=600  10$aṬabāṭabāʼī al-Yazdī, Muḥammad Kāẓim,$d-1919.$tʻUrwah al-wuthqá.
=650  \0$aIslamic law$xInterpretation and construction.
=650  \7$aIslamic law$xInterpretation and construction.$2fast$0(OCoLC)fst00979955
=700  1\$6880-06$aBurūjirdī, Murtaḍá.
=710  2\$aPrinceton University.$bLibrary.
=730  0\$aArabic Collections Online.
=740  0\$6880-07$aKhums.
=776  08$iPrint version:$aKhūʼī, Abū al-Qāsim ibn ʻAlī Akbar, 1899-$tKitāb al-Khums$w(NjP)614728$w(OCoLC)83350337
=800  1\$6880-08$aKhūʼī, Abū al-Qāsim ibn ʻAlī Akbar,$d1899-$tMustanad al-ʻUrwah al-wuthqá.
=856  40$uhttp://hdl.handle.net/2333.1/9kd51p65 
=880  1\$6100-01$aخوئي، ابو القاسم بن علي اكبر،$d1899-
=880  10$6240-02$aخمس
=880  10$6245-03$aكتاب الخمس :$bمحاضرات زعيم الحوزة العلمية آية الله العظمى السيد ابو القاسم الموسوي الخوئي ... /$c[تأليف مرتضى البروجردي].
=880  \\$6260-04$a[قم] :$bلطفي،$c1394 [1985 or 1986]
=880  1\$6490-05$aمستند العروة الوثقى
=880  1\$6700-06$aبروجردي، مرتضى.
=880  0\$6740-07$aخمس.
=880  1\$6800-08$aخوئي، ابو القاسم بن علي اكبر،$d1899-$tمستند العروة الوثقى.
=959  \\$aNNU$bWEB$cGENI$t0$mElectronic access$s01
=999  \\$iNjP_614728$o(OCoLC)ocm83350337$sprinceton_aco003946:$e(ERROR-MISC)$sprinceton_aco003946:

