=LDR  02814nam a2200457Mi 4500
=001  398403
=003  NjP
=006  m\\\\\\\\d\\\\\\\\
=007  cr\cn\|||m|||a
=008  210212m19839999ir\\\\\\ob\\\\000\0\ara\d
=040  \\$aZYU$bara$erda$cZYU
=100  1\$6880-01$aFāz̤il Lankarānī, Muḥammad.
=240  10$6880-02$aTafṣīl al-sharīʻah fī sharḥ Taḥrīr al-wasīlah
=245  13$6880-03$aal-Ijārah min kitāb Tafṣīl al-sharīʻah fī sharḥ Taḥrīr al-wasīlah /$cbi-qalam Muḥammad al-Muwaḥḥidī al-Lankarānī al-shahīr bi-al-Fāḍil.
=246  3\$6880-04$aTafṣīl al-sharīʻah
=250  \\$6880-05$aal-Ṭabʻah 1.
=260  \\$6880-06$aQum :$b[publisher not identified],$c1404- [1983 or 1984-]
=300  \\$aonline resource (volumes)
=336  \\$atext$2rdacontent
=337  \\$acomputer$2rdamedia
=338  \\$aonline resource$2rdacarrier
=500  \\$aVol. title preceeds title on title pages.
=500  \\$aPart of the Arabic Collections Online (ACO) project, contributed by Princeton University Libraries.
=504  \\$aIncludes bibliographical references.
=505  1\$aal-juzʼ 1. al-Ijārah -- al-juzʼ 2. Kitāb al-qiṣāṣ -- al-juzʼ 3. Kitāb al-ṭahārah, al-najāsāt wa-aḥkāmuhā -- al-juzʼ 4. al-Juzʼ al-awwal min mabāḥith al-ḥajj.
=533  \\$aElectronic reproduction.$bNew York, N.Y. :$cNew York University,$d2021.$5NNU
=600  10$aKhomeini, Ruhollah.$tTaḥrīr al-wasīlah.
=650  \0$aIslamic law$xInterpretation and construction.
=650  \7$aIslamic law$xInterpretation and construction.$2fast$0(OCoLC)fst00979955
=710  2\$aPrinceton University.$bLibrary.
=730  0\$aArabic Collections Online.
=776  08$iPrint version:$aFāz̤il Lankarānī, Muḥammad.$tal-Ijārah min kitāb Tafṣīl al-sharīʻah fī sharḥ Taḥrīr al-wasīlah$w(NjP)398403$w(OCoLC)175307291
=856  40$uhttp://hdl.handle.net/2333.1/qbzkhbff 
=880  1\$6100-01$aفاضل لنكراني، محمد.
=880  10$6240-02$aتفصيل الشريعة في شرح تحرير الوسيلة
=880  12$6245-03$aالاجارة من كتاب تفصيل الشريعة في شرح تحرير الوسيلة /$cبقلم محمد الموحدي اللنكراني الشهير بالفاضل.
=880  3\$6246-04$aتفصيل الشريعة
=880  \\$6250-05$aالطبعة 1.
=880  \\$6260-06$aقم :$b[publisher not identified],$c1404- [1983 or 1984-]
=959  \\$aNNU$bWEB$cGENI$t0$mElectronic access$s01
=999  \\$iNjP_398403$o(OCoLC)ocn175307291$sprinceton_aco003398:juz 4$sprinceton_aco003485:juz 1$sprinceton_aco003400:juz 2$sprinceton_aco003399:juz 3$e(ERROR-MISC)$sprinceton_aco003398:juz 4$sprinceton_aco003485:juz 1$sprinceton_aco003400:juz 2$sprinceton_aco003399:juz 3

