=LDR  02089nam a2200433Mi 4500
=001  442413
=003  NjP
=006  m\\\\\\\\d\\\\\\\\
=007  cr\cn\|||m|||a
=008  210212s1986\\\\ir\\\\\\ob\\\\000\0\ara\d
=040  \\$aZYU$bara$erda$cZYU
=100  1\$6880-01$aSubḥānī, Jaʻfar.
=245  13$6880-02$aal-Badāʼ fī ḍawʼ al-Kitāb wa-al-sunnah /$ctaʼlīf Jaʻfar al-Subḥānī.
=250  \\$6880-03$aal-Ṭabʻah 1.
=260  \\$6880-04$aṬihrān :$bMuʻāwanīyat al-ʻAlāqāt al-Duwalīyah fī Munaẓẓamat al-Iʻlām al-Islāmī,$c1986.
=300  \\$aonline resource (76 pages)
=336  \\$atext$2rdacontent
=337  \\$acomputer$2rdamedia
=338  \\$aonline resource$2rdacarrier
=500  \\$aPart of the Arabic Collections Online (ACO) project, contributed by Princeton University Libraries.
=504  \\$aIncludes bibliographical references.
=533  \\$aElectronic reproduction.$bNew York, N.Y. :$cNew York University,$d2021.$5NNU
=650  \0$aShiites.
=650  \0$aShīʻah$vControversial literature.
=650  \0$aIslamic law.
=650  \7$aIslamic law.$2fast$0(OCoLC)fst00979949
=650  \7$aShīʻah.$2fast$0(OCoLC)fst01117946
=650  \7$aShiites.$2fast$0(OCoLC)fst01115976
=655  \7$aControversial literature.$2fast$0(OCoLC)fst01423907
=710  2\$aPrinceton University.$bLibrary.
=730  0\$aArabic Collections Online.
=776  08$iPrint version:$aSubḥānī, Jaʻfar.$tal-Badāʼ fī ḍawʼ al-Kitāb wa-al-sunnah$w(NjP)442413$w(OCoLC)25653527
=856  40$uhttp://hdl.handle.net/2333.1/pzgmsngt 
=880  1\$6100-01$aسبحاني، جعفر.
=880  12$6245-02$aالبداء في ضوء الكتاب والسنة /$cتأليف جعفر السبحاني.
=880  \\$6250-03$aالطبعة 1.
=880  \\$6260-04$aطهران :$bمعاونية العلاقات الدولية في منظمة الاعلام الاسلامي،$c1986.
=959  \\$aNNU$bWEB$cGENI$t0$mElectronic access$s01
=999  \\$iNjP_442413$o(OCoLC)ocm25653527$sprinceton_aco003645:$e(ERROR-MISC)$sprinceton_aco003645:

