=LDR  01674nam a2200337Mi 4500
=001  398754
=003  NjP
=006  m\\\\\\\\d\\\\\\\\
=007  cr\cn\|||m|||a
=008  210212s1985\\\\ir\\\\\\o\\\\\000\0\ara\d
=040  \\$aZYU$bara$erda$cZYU
=100  1\$6880-01$aTabrīzī, Yūsuf al-Madanī.
=245  13$6880-02$aal-Irshād ilá wilāyat al-faqīh /$ctaʼlīf Yūsuf al-Madanī al-Tabrīzī.
=260  \\$6880-03$aQum :$bal-Maṭbaʻah al-ʻIlmīyah,$c1406 [1985]
=300  \\$aonline resource (288 pages)
=336  \\$atext$2rdacontent
=337  \\$acomputer$2rdamedia
=338  \\$aonline resource$2rdacarrier
=500  \\$aPart of the Arabic Collections Online (ACO) project, contributed by Princeton University Libraries.
=533  \\$aElectronic reproduction.$bNew York, N.Y. :$cNew York University,$d2021.$5NNU
=650  \0$aIslamic law$xInterpretation and construction.
=650  \7$aIslamic law$xInterpretation and construction.$2fast$0(OCoLC)fst00979955
=710  2\$aPrinceton University.$bLibrary.
=730  0\$aArabic Collections Online.
=776  08$iPrint version:$aTabrīzī, Yūsuf al-Madanī.$tal-Irshād ilá wilāyat al-faqīh$w(NjP)398754$w(OCoLC)81411241
=856  40$uhttp://hdl.handle.net/2333.1/zw3r2ccc 
=880  1\$6100-01$aتبرىزى، ىوسف المدنى.
=880  12$6245-02$aالارشاد الى ولاية الفقيه /$cتأليف يوسف المدني التبريزي.
=880  \\$6260-03$aقم :$bالمطبعة العلمية،$c1406 [1985]
=959  \\$aNNU$bWEB$cGENI$t0$mElectronic access$s01
=999  \\$iNjP_398754$o(OCoLC)ocm81411241$sprinceton_aco003616:$e(ERROR-MISC)$sprinceton_aco003616:

