=LDR  02090nam a2200385Mi 4500
=001  773894
=003  NjP
=006  m\\\\\\\\d\\\\\\\\
=007  cr\cn\|||m|||a
=008  210212m19659999ir\\\\\\ob\\\\000\0\ara\d
=040  \\$aZYU$bara$erda$cZYU
=100  1\$6880-01$aṬabāṭabāʼī al-Yazdī, Ḥusayn.
=245  10$6880-02$aTafsīr Āyāt al-aḥkām :$bwafq al-madhhab al-Jaʻfarī wa-al-madhāhib al-Arbaʻah /$cbi-qalam Ḥusayn al-Ṭabāṭabāʼī al-Yazdī al-Najafī.
=260  \\$6880-03$aQum, Īrān :$bMaktabat al-Dāwudī,$c1385- [1965-]$e(al-Najaf al-Ashraf :$fMaṭbaʻat al-Najaf)
=300  \\$aonline resource (volumes)
=336  \\$atext$2rdacontent
=337  \\$acomputer$2rdamedia
=338  \\$aonline resource$2rdacarrier
=500  \\$aPart of the Arabic Collections Online (ACO) project, contributed by Princeton University Libraries.
=504  \\$aIncludes bibliographical references.
=533  \\$aElectronic reproduction.$bNew York, N.Y. :$cNew York University,$d2021.$5NNU
=630  00$aQurʼan$vCommentaries.
=650  \0$aIslamic law.
=630  07$aQurʼan.$2fast$0(OCoLC)fst01842877
=650  \7$aIslamic law.$2fast$0(OCoLC)fst00979949
=655  \7$aCommentaries.$2fast$0(OCoLC)fst01423723
=710  2\$aPrinceton University.$bLibrary.
=730  0\$aArabic Collections Online.
=776  08$iPrint version:$aṬabāṭabāʼī al-Yazdī, Ḥusayn.$tTafsīr Āyāt al-aḥkām$w(NjP)773894$w(OCoLC)27151804
=856  40$uhttp://hdl.handle.net/2333.1/wwpzgz0t 
=880  1\$6100-01$aطباطبائي اليزدي، حسين.
=880  10$6245-02$aتفسير آيات الاحكام :$bوفق المذهب الجعفري والمذاهب الاربعة /$cبقلم حسين الطباطبائي اليزدي النجفي.
=880  \\$6260-03$aقم، ايران :$bمكتبة الداودي؛$c١٣٨٥- [١٩٦٥-]$e(النجف الاشرف :$fمطبعة النجف)
=959  \\$aNNU$bWEB$cGENI$t0$mElectronic access$s01
=999  \\$iNjP_773894$o(OCoLC)ocm27151804$sprinceton_aco002684$e(ERROR-MISC)$sprinceton_aco002684

