=LDR  01758nam a2200361Mi 4500
=001  857320
=003  NjP
=006  m\\\\\\\\d\\\\\\\\
=007  cr\cn\|||m|||a
=008  210212s1939\\\\iq\\\\\\o\\\\\000\0\ara\d
=040  \\$aZYU$bara$erda$cZYU
=100  1\$6880-01$aMalakī, Muḥammad Kāẓim.
=245  13$6880-02$aal-Uṣūl al-ḥadīthah fī mabāḥith al-alfāẓ /$ctaʼlīf Muḥammad Kāẓim Ṣādiq al-Malakī.
=250  \\$6880-03$aal-Ṭabʻah 1.
=260  \\$6880-04$aNajaf :$bal-Maṭbaʻah al-ʻIlmīyah,$c1358 [1939 or 1940]
=300  \\$aonline resource (220 pages)
=336  \\$atext$2rdacontent
=337  \\$acomputer$2rdamedia
=338  \\$aonline resource$2rdacarrier
=500  \\$aPart of the Arabic Collections Online (ACO) project, contributed by Princeton University Libraries.
=533  \\$aElectronic reproduction.$bNew York, N.Y. :$cNew York University,$d2021.$5NNU
=650  \0$aIslamic law.
=650  \7$aIslamic law.$2fast$0(OCoLC)fst00979949
=710  2\$aPrinceton University.$bLibrary.
=730  0\$aArabic Collections Online.
=776  08$iPrint version:$aMalakī, Muḥammad Kāẓim.$tal-Uṣūl al-ḥadīthah fī mabāḥith al-alfāẓ$w(NjP)857320$w(OCoLC)29685585
=856  40$uhttp://hdl.handle.net/2333.1/4qrfjhs2 
=880  1\$6100-01$aملكي، محمد كاظم.
=880  12$6245-02$aالاصول الحديثة في مباحث الالفاظ /$cتأليف محمد كاظم صادق الملكي.
=880  \\$6250-03$aالطبعة 1.
=880  \\$6260-04$aنجف :$bالمطبعة العلمية،$c1358 [1939 or 1940]
=959  \\$aNNU$bWEB$cGENI$t0$mElectronic access$s01
=999  \\$iNjP_857320$o(OCoLC)ocm29685585$sprinceton_aco003476:$e(ERROR-MISC)$sprinceton_aco003476:

