=LDR  02407nam a2200397Mi 4500
=001  410071
=003  NjP
=006  m\\\\\\\\d\\\\\\\\
=007  cr\cn\|||m|||a
=008  210212q19801987ir\\\\\\ob\\\\000\0\ara\d
=040  \\$aZYU$bara$erda$cZYU
=100  1\$6880-01$aṢadr, Muḥammad.
=245  10$6880-02$aTārīkh al-ghaybah al-kubrá :$byatakaffalu fahm Islāmī jadīd li-ghaybat al-Imām al-Mahdī wa-sharāʼiṭ ẓuhūrihi wa-ʻalāmātihi wa-taklīf al-fard al-Muslim khilāla dhālik /$ctaʼliīf Muḥammad al-Ṣadr.
=260  \\$6880-03$aIṣfāhan :$bKitābkhānah ʻUmūmī Imām Amīr al-Muʼmīnīn ʻAlī,$c[198-]
=336  \\$atext$2rdacontent
=337  \\$acomputer$2rdamedia
=338  \\$aonline resource$2rdacarrier
=490  1\$6880-04$aMawsūʻat al-Imām al-Mahdī ;$val-kitāb 2
=500  \\$aPart of the Arabic Collections Online (ACO) project, contributed by Princeton University Libraries.
=504  \\$aIncludes bibliographical references.
=533  \\$aElectronic reproduction.$bNew York, N.Y. :$cNew York University,$d2021.$5NNU
=600  10$aMahdī, Muḥammad ibn al-Ḥasan,$dapproximately 869-
=600  10$aḤasan al-ʻAskarī ibn ʻAlī,$d844-874.
=600  10$aʻAlī al-Hādī ibn Muḥammad,$d827-868.
=710  2\$aPrinceton University.$bLibrary.
=730  0\$aArabic Collections Online.
=776  08$iPrint version:$aṢadr, Muḥammad.$tTārīkh al-ghaybah al-kubrá$w(NjP)410071$w(OCoLC)26188216
=800  1\$6880-05$aṢadr, Muḥammad.$tMawsūʻat al-Imām al-Mahdī ;$val-kitāb 2.
=856  40$uhttp://hdl.handle.net/2333.1/xksn0d0k 
=880  1\$6100-01$aصدر، محمد.
=880  10$6245-02$aتاريخ الغيبة الكبرى :$bيتكفل فهم اسلامي جديد لغيبة الامام المهدي وشرائط ظهوره وعلاماته وتكليف الفرد المسلم خلال ذالك /$cتألف محمد الصدر.
=880  \\$6260-03$aاصفهان :$bكتابخانة عمومي امام امير المؤمينين علي،$c[198-]
=880  1\$6490-04$aموسوعة الامام المهدي ؛$vالكتاب 2
=880  1\$6800-05$aصدر، محمد.$tموسوعة الامام المهدي ؛$vالكتاب 2.
=959  \\$aNNU$bWEB$cGENI$t0$mElectronic access$s01
=999  \\$iNjP_410071$o(OCoLC)ocm26188216$sprinceton_aco003176$e(ERROR-MISC)$sprinceton_aco003176

