=LDR  01549nam a2200313Mi 4500
=001  2770437
=003  NjP
=006  m\\\\\\\\d\\\\\\\\
=007  cr\cn\|||m|||a
=008  210212s1935\\\\le\\\\\\o\\\\\000\0\ara\d
=040  \\$aZYU$bara$erda$cZYU
=100  1\$6880-01$aAbū Khāṭir, Ibrāhīm.
=245  13$6880-02$aal-Khawāṭir :$bkhuṭab wa-maqālāt fī al-ijtimāʻ wa-al-siyāsah /$cbi-qalam Ibrāhīm Abī Khāṭir.
=260  \\$6880-03$aZaḥlah :$bMaṭbaʻat Zaḥlat al-Fatāt,$c1935.
=300  \\$aonline resource (285 pages)
=336  \\$atext$2rdacontent
=337  \\$acomputer$2rdamedia
=338  \\$aonline resource$2rdacarrier
=500  \\$aPart of the Arabic Collections Online (ACO) project, contributed by Princeton University Libraries.
=533  \\$aElectronic reproduction.$bNew York, N.Y. :$cNew York University,$d2021.$5NNU
=710  2\$aPrinceton University.$bLibrary.
=730  0\$aArabic Collections Online.
=776  08$iPrint version:$aAbū Khāṭir, Ibrāhīm.$tal-Khawāṭir$w(NjP)2770437$w(OCoLC)33995835
=856  40$uhttp://hdl.handle.net/2333.1/dv41p33g 
=880  1\$6100-01$aابو خاطر، ابراهيم.
=880  12$6245-02$aالخواطر :$bخطب ومقالات في الاجتماع والسياسة /$cبقلم ابراهيم ابي خاطر.
=880  \\$6260-03$aزحلة :$bمطبعة زحلة الفتاة،$c1935.
=959  \\$aNNU$bWEB$cGENI$t0$mElectronic access$s01
=999  \\$iNjP_2770437$o(OCoLC)ocm33995835$sprinceton_aco002686$e(ERROR-MISC)$sprinceton_aco002686

