=LDR  02726nam a2200493Mi 4500
=001  293776
=003  NjP
=006  m\\\\\\\\d\\\\\\\\
=007  cr\cn\|||m|||a
=008  210212m19619999ir\\\\\\o\\\\\000\0\arard
=040  \\$aZYU$bara$erda$cZYU
=050  \4$aBP135.A2$bT12
=100  1\$6880-01$aBurūjirdī, Ḥusayn al-Ṭabāṭabāʼī,$d1875-1961.
=245  10$6880-02$aJāmiʻ aḥādīth al-Shīʻah fī aḥkām al-sharīʻah /$calladhī ullifa taḥta ishrāf Ḥusayn al-Ṭabāṭabāʼī al-Burūjirdī.
=264  \1$6880-03$aṬihrān :$bMaṭbaʻat al-Misāḥah,$c1380- [i.e. 1961]-
=300  \\$aonline resource (parts)
=336  \\$atext$2rdacontent
=337  \\$acomputer$2rdamedia
=338  \\$aonline resource$2rdacarrier
=500  \\$aForms part of the Islamic Lithographs Collection.$5ICU
=500  \\$aPart of the Arabic Collections Online (ACO) project, contributed by Princeton University Libraries.
=505  1\$6880-04$aal-Mujallad 2.  Min awwal kitāb al-ṣalāh ilá ākhir al-khalal-
=533  \\$aElectronic reproduction.$bNew York, N.Y. :$cNew York University,$d2021.$5NNU
=650  \0$aIslamic law.
=650  \0$aShiites.
=650  \0$aHadith (Shiites)
=650  \0$aSalat.
=650  \7$aHadith (Shiites)$2fast$0(OCoLC)fst00950138
=650  \7$aIslamic law.$2fast$0(OCoLC)fst00979949
=650  \7$aSalat.$2fast$0(OCoLC)fst01103765
=650  \7$aShiites.$2fast$0(OCoLC)fst01115976
=655  \4$aHadith$x(Collections)
=710  2\$aIslamic Lithographs Collection.$5ICU
=710  2\$aPrinceton University.$bLibrary.
=730  0\$aArabic Collections Online.
=776  08$iOnline version:$aBurūjirdī, Ḥusayn al-Ṭabāṭabāʼī, 1875-1961.$tJāmiʻ aḥādīth al-Shīʻah fī aḥkām al-sharīʻah.$dṬihrān : Maṭbaʻat al-Misāḥah, 1380- [i.e. 1961]-$w(OCoLC)1031483384
=776  08$iPrint version:$aBurūjirdī, Ḥusayn al-Ṭabāṭabāʼī, 1875-1961.$tJāmiʻ aḥādīth al-Shīʻah fī aḥkām al-sharīʻah$w(NjP)293776$w(OCoLC)23500454
=856  40$uhttp://hdl.handle.net/2333.1/d2547qct 
=880  1\$6100-01$aبروجردي، حسين الطباطبائي،$d1875-1961.
=880  10$6245-02$aجامع احاديث الشيعة في احكام الشريعة /$cالذي الف تحت اشراف حسين الطباطبائي البروجردي.
=880  \1$6264-03$aطهران :$bمطبعة المساحة،$c1380- [i.e. 1961]-
=880  1\$6505-04$aالمجلد 2.  من اول كتاب الصلاه الى آخر الخلل
=959  \\$aNNU$bWEB$cGENI$t0$mElectronic access$s01
=999  \\$iNjP_293776$o(OCoLC)ocm23500454$sprinceton_aco001913:v. 6$e(ERROR-880)$sprinceton_aco001913:v. 6

