=LDR  02281nam a2200397Mi 4500
=001  441065
=003  NjP
=006  m\\\\\\\\d\\\\\\\\
=007  cr\cn\|||m|||a
=008  210212m19879999ir\\\\\\ob\\\\000\0\ara\d
=040  \\$aZYU$bara$erda$cZYU
=100  1\$6880-01$aṬūsī, Muḥammad ibn al-Ḥasan,$d995-1067?
=245  13$6880-02$aAl-Khilāf /$ctaʼlīf Abī Jaʻfar Muḥammad ibn al-Ḥasan al-Ṭūsī.
=260  \\$6880-03$a[Qum] :$bMuʼassasat al-Nashr al-Islāmī al-tābiʻah li-Jamāʻat al-Mudarrisīn bi-Qum al-Musharrafah,$c1407- [1987-]
=300  \\$aonline resource (volumes)
=336  \\$atext$2rdacontent
=337  \\$acomputer$2rdamedia
=338  \\$aonline resource$2rdacarrier
=500  \\$a"444."
=500  \\$aPart of the Arabic Collections Online (ACO) project, contributed by Princeton University Libraries.
=504  \\$aIncludes bibliographical references.
=533  \\$aElectronic reproduction.$bNew York, N.Y. :$cNew York University,$d2021.$5NNU
=650  \0$aIslamic law$vEarly works to 1800.
=650  \0$aShīʻah$vEarly works to 1800.
=650  \7$aIslamic law.$2fast$0(OCoLC)fst00979949
=650  \7$aShīʻah.$2fast$0(OCoLC)fst01117946
=655  \7$aEarly works.$2fast$0(OCoLC)fst01411636
=710  2\$aPrinceton University.$bLibrary.
=730  0\$aArabic Collections Online.
=776  08$iPrint version:$aṬūsī, Muḥammad ibn al-Ḥasan, 995-1067?$tAl-Khilāf$w(NjP)441065$w(OCoLC)22320047
=856  40$uhttp://hdl.handle.net/2333.1/jsxksz2h 
=880  1\$6100-01$aطوسي، محمد بن الحسن،$d995-1067?
=880  12$6245-02$aالخلاف /$cتأليف ابي جعفر محمد بن الحسن الطوسي.
=880  \\$6260-03$a[قم] :$bمؤسسة النشر الاسلامي التابعة لجماعة المدرسين بقم المشرفة،$c1407 [1987]
=959  \\$aNNU$bWEB$cGENI$t0$mElectronic access$s01
=999  \\$iNjP_441065$o(OCoLC)ocm22320047$sprinceton_aco002236:juz 1$sprinceton_aco002080:juz 2$sprinceton_aco002466:juz 3$sprinceton_aco002484:juz 4$sprinceton_aco002474:juz 5$sprinceton_aco002477:juz 6$e(ERROR-MISC)$sprinceton_aco002236:juz 1$sprinceton_aco002080:juz 2$sprinceton_aco002466:juz 3$sprinceton_aco002484:juz 4$sprinceton_aco002474:juz 5$sprinceton_aco002477:juz 6

