=LDR  01549nam a2200349Mi 4500
=001  2834744
=003  NjP
=006  m\\\\\\\\d\\\\\\\\
=007  cr\cn\|||m|||a
=008  210212s1957\\\\sy\a\\\\o\\\\\000\0\ara\d
=040  \\$aZYU$bara$erda$cZYU
=100  1\$6880-01$aQūwatlī, Shukrī,$d1891-1967.
=245  10$6880-02$aMajmūʻat khuṭab /$cShukrī al-Qūwatlī.
=260  \\$6880-03$aDimashq :$b[publisher not identified],$c1957.
=300  \\$aonline resource (228 pages) :$billustrations
=336  \\$atext$2rdacontent
=337  \\$acomputer$2rdamedia
=338  \\$aonline resource$2rdacarrier
=500  \\$aPart of the Arabic Collections Online (ACO) project, contributed by Princeton University Libraries.
=533  \\$aElectronic reproduction.$bNew York, N.Y. :$cNew York University,$d2021.$5NNU
=546  \\$aIn Arabic.
=600  00$aQūwatlī, Shukrī,$d1891-1967.
=650  \0$aSyria$xPolitics and government.
=710  2\$aPrinceton University.$bLibrary.
=730  0\$aArabic Collections Online.
=776  08$iPrint version:$aQūwatlī, Shukrī, 1891-1967.$tMajmūʻat khuṭab$w(NjP)2834744$w(OCoLC)42911012
=856  40$uhttp://hdl.handle.net/2333.1/rbnzsjkn 
=880  1\$6100-01$aقوتلي، شكري،$d1891-1967.
=880  10$6245-02$aمجموعة خطب /$cشكري القوتلي.
=880  \\$6260-03$aدمشق :$b[publisher not identified],$c1957.
=959  \\$aNNU$bWEB$cGENI$t0$mElectronic access$s01
=999  \\$iNjP_2834744$o(OCoLC)ocm42911012$sprinceton_aco004408:$e(ERROR-MISC)$sprinceton_aco004408:

