=LDR  02497nam a2200337Mi 4500
=001  2770269
=003  NjP
=006  m\\\\\\\\d\\\\\\\\
=007  cr\cn\|||m|||a
=008  210212m18669999ua\\\\\\o\\\\\000\0\ara\d
=040  \\$aZYU$bara$erda$cZYU
=245  00$6880-01$aSīrat al-fāris al-humām wa-al-baṭal al-miqdām :$bman intasharat shuhrat furūsīyatihi fī kulli wād laytha al-nizāl al-amīr Antarah ibn Shaddād : wa-hiya al-sīrah al-fāʼiqah al-ḥijāzīyah al-mushtamilah alá al-akhbār al-ajībah wa-al-anbāʼ al-jalīyah
=260  \\$6880-02$aMiṣr :$bal-Maṭbaʻah al-Āmirah al-Sharafīyah,$c1306-1311 [1888-1893]
=300  \\$aonline resource (volumes)
=336  \\$atext$2rdacontent
=337  \\$acomputer$2rdamedia
=338  \\$aonline resource$2rdacarrier
=500  \\$aPart of the Arabic Collections Online (ACO) project, contributed by Princeton University Libraries.
=533  \\$aElectronic reproduction.$bNew York, N.Y. :$cNew York University,$d2021.$5NNU
=600  00$aʻAntarah ibn Shaddād,$dactive 6th century$vLegends.
=600  07$aʻAntarah ibn Shaddād,$dactive 6th century.$2fast$0(OCoLC)fst01804832
=655  \7$aLegends.$2fast$0(OCoLC)fst01423803
=710  2\$aPrinceton University.$bLibrary.
=730  0\$aArabic Collections Online.
=776  08$iOnline version:$aʻAntar.$tSīrah.$d[Cairo] : [publisher not identified], 1283 [1866]-$w(OCoLC)1127395008
=776  08$iPrint version:$tSīrat al-fāris al-humām wa-al-baṭal al-miqdām$w(NjP)2770269$w(OCoLC)33857395
=856  40$uhttp://hdl.handle.net/2333.1/bvq83nnc 
=880  00$6245-01$aسيرة الفارس الهمام والبطل المقدام :$bمن انتشرت شهرة فروسيته في كل واد ليث النزال الامير عنترة بن شداد : وهي السيرة الفائقة الحجازية المشتملة على الاخبار العجيبة والانباء الجلية
=880  \\$6260-02$aمصر :$bالمطبعة العامرة الشرفية،$c1306-1311 [1888-1893]
=959  \\$aNNU$bWEB$cGENI$t0$mElectronic access$s01
=999  \\$iNjP_2770269$o(OCoLC)ocm33857395$sprinceton_aco004083:v.1-5$sprinceton_aco004081:v.6-10$sprinceton_aco004084:v.11-15$sprinceton_aco004082:v.16-21$sprinceton_aco004085:v.22-26$sprinceton_aco004086:v.27-32$e(ERROR-MISC)$sprinceton_aco004083:v.1-5$sprinceton_aco004081:v.6-10$sprinceton_aco004084:v.11-15$sprinceton_aco004082:v.16-21$sprinceton_aco004085:v.22-26$sprinceton_aco004086:v.27-32

