=LDR  01852nam a2200385Mi 4500
=001  2435230
=003  NjP
=006  m\\\\\\\\d\\\\\\\\
=007  cr\cn\|||m|||a
=008  210212s1941\\\\le\\\\\\o\\\\\000\0\ara\d
=040  \\$aZYU$bara$erda$cZYU
=100  0\$6880-01$aJarīr ibn ʻAṭīyah,$d-728?
=245  10$6880-02$aMadḥ wa-ghazal wa-rithāʼ /$cJarīr ; dars wa-muntakhabāt bi-qalam Fuʼād Afrām al-Bustānī.
=260  \\$6880-03$aBayrūt :$bal-Maṭbaʻah al-Kāthūlīkīyah,$c1941.
=300  \\$aonline resource (14, 47 pages)
=336  \\$atext$2rdacontent
=337  \\$acomputer$2rdamedia
=338  \\$aonline resource$2rdacarrier
=490  1\$6880-04$aal-Rawāʼiʻ ;$v39
=500  \\$aPart of the Arabic Collections Online (ACO) project, contributed by Princeton University Libraries.
=533  \\$aElectronic reproduction.$bNew York, N.Y. :$cNew York University,$d2021.$5NNU
=700  1\$6880-05$aBustānī, Fuʼād Afrām.
=710  2\$aPrinceton University.$bLibrary.
=730  0\$aArabic Collections Online.
=776  08$iPrint version:$aJarīr ibn ʻAṭīyah, -728?$tMadḥ wa-ghazal wa-rithāʼ$w(NjP)2435230$w(OCoLC)42036097
=830  \0$6880-06$aRawāʼiʻ ;$v39.
=856  40$uhttp://hdl.handle.net/2333.1/g79cp08s 
=880  0\$6100-01$aجرير بن عطية،$d-728?
=880  10$6245-02$aمدح وغزل ورثاء /$cجرير ؛ درس ومنتخبات بقلم فؤاد افرام البستاني.
=880  \\$6260-03$aبيروت :$bالمطبعة الكاثوليكية،$c1941.
=880  1\$6490-04$aالروائع ؛$v39
=880  1\$6700-05$aبستاني، فؤاد افرام.
=880  \0$6830-06$aروائع ؛$v39.
=959  \\$aNNU$bWEB$cGENI$t0$mElectronic access$s01
=999  \\$iNjP_2435230$o(OCoLC)ocm42036097$sprinceton_aco004470:$e(ERROR-MISC)$sprinceton_aco004470:

