=LDR  01921nam a2200373Mi 4500
=001  780886
=003  NjP
=006  m\\\\\\\\d\\\\\\\\
=007  cr\cn\|||m|||a
=008  210212s1886\\\\ua\\\\\\o\\\\\000\0\ara\d
=040  \\$aZYU$bara$erda$cZYU
=100  1\$6880-01$aKuraydī, Ibrāhīm Adʹham ibn Muḥammad.
=245  10$6880-02$aSharḥ al-Ilhāmī min al-Fayḍ al-Ilhāmī /$clil-ʻālim Ibrāhīm Adʹham ibn Muḥammad al-Kuraydī.
=250  \\$6880-03$aal-Ṭabʻah 1.
=260  \\$6880-04$aBūlāq, Miṣr :$bal-Maṭbaʻah al-Kubrá al-Amīrīyah,$c1304 [1886 or 1887]
=300  \\$aonline resource (32 pages)
=336  \\$atext$2rdacontent
=337  \\$acomputer$2rdamedia
=338  \\$aonline resource$2rdacarrier
=500  \\$aPart of the Arabic Collections Online (ACO) project, contributed by Princeton University Libraries.
=533  \\$aElectronic reproduction.$bNew York, N.Y. :$cNew York University,$d2021.$5NNU
=600  10$aḤarbī, ʻAlī.$tIlhāmī
=650  \0$aSufism.
=650  \7$aSufism.$2fast$0(OCoLC)fst01137257
=710  2\$aPrinceton University.$bLibrary.
=730  0\$aArabic Collections Online.
=776  08$iPrint version:$aKuraydī, Ibrāhīm Adʹham ibn Muḥammad.$tSharḥ al-Ilhāmī min al-Fayḍ al-Ilhāmī$w(NjP)780886$w(OCoLC)27325776
=856  40$uhttp://hdl.handle.net/2333.1/w0vt4nfj 
=880  0\$6100-01$aابراهيم ادهم ابن محمد الكريدي.
=880  10$6245-02$aشرح الالهامي من الفيض الالهامي /$cللعالم ابراهيم ادهم ابن محمد الكريدي.
=880  \\$6250-03$aالطبعة ١.
=880  \\$6260-04$aبولاق، مصر :$bالمطبعة الكبرى الاميرية،$c١٣٠٤ [١٨٨٦ او ١٨٨٧]
=959  \\$aNNU$bWEB$cGENI$t0$mElectronic access$s01
=999  \\$iNjP_780886$o(OCoLC)ocm27325776$sprinceton_aco003104$e(ERROR-MISC)$sprinceton_aco003104

