=LDR  02469nam a2200481Mi 4500
=001  1025681
=003  NjP
=006  m\\\\\\\\d\\\\\\\\
=007  cr\cn\|||m|||a
=008  210212s1988\\\\ir\a\\\\ob\\\\000\0\ara\d
=040  \\$aZYU$bara$erda$cZYU
=041  0\$aara$aper
=043  \\$azmo----
=100  1\$6880-01$aKhomeini, Ruhollah.
=245  10$6880-02$aRisālah fī taʻyīn al-fajr fī al-layālī al-muqmirah /$cmin taṣnīfāt al-Imām al-Khumaynī ; maʻa taʻlīqāt muntakhabah min taqrīrāt durūs Aḥmadī Faqīh Yazdī.
=250  \\$6880-03$aChāp-i 1.
=260  \\$6880-04$aTihrān :$bMarkaz-i Nashr-i Mudarris,$c[1367] [1988]
=300  \\$aonline resource (32 pages) :$billustrations
=336  \\$atext$2rdacontent
=337  \\$acomputer$2rdamedia
=338  \\$aonline resource$2rdacarrier
=500  \\$aPart of the Arabic Collections Online (ACO) project, contributed by Princeton University Libraries.
=504  \\$aIncludes bibliographical references.
=533  \\$aElectronic reproduction.$bNew York, N.Y. :$cNew York University,$d2021.$5NNU
=546  \\$aIn Arabic; introduction and conclusion also in Persian.
=650  \0$aTime (Islamic law)
=650  \0$aTime$xReligious aspects$xIslam.
=651  \0$aMoon$xReligious aspects$xIslam.
=650  \7$aTime (Islamic law)$2fast$0(OCoLC)fst01151083
=650  \7$aTime$xReligious aspects$xIslam.$2fast$0(OCoLC)fst01151064
=651  \7$aMoon.$2fast$0(OCoLC)fst01240375
=700  1\$6880-05$aAḥmadī Faqīh Yazdī, Muḥammad Ḥasan.
=710  2\$aPrinceton University.$bLibrary.
=730  0\$aArabic Collections Online.
=776  08$iPrint version:$aKhomeini, Ruhollah.$tRisālah fī taʻyīn al-fajr fī al-layālī al-muqmirah$w(NjP)1025681$w(OCoLC)34031432
=856  40$uhttp://hdl.handle.net/2333.1/79cnpggb 
=880  1\$6100-01$aخمىنى، رو ح الله.
=880  10$6245-02$aرسالة في تعيين الفجر في الليالي المقمرة /$cمن تصنيفات الامام الخميني ؛ مع تعليقات منتخبة من تقريرات دروس احمدي فقيه يزدي.
=880  \\$6250-03$aچاپ 1.
=880  \\$6260-04$aتهران :$bمرکز نشر مدرس،$c[1367] [1988]
=880  1\$6700-05$aاحمدى فقىه ىزدى، محمد حسن.
=959  \\$aNNU$bWEB$cGENI$t0$mElectronic access$s01
=999  \\$iNjP_1025681$o(OCoLC)ocm34031432$sprinceton_aco003539:$e(ERROR-MISC)$sprinceton_aco003539:

