=LDR  01980nam a2200349Mi 4500
=001  822486
=003  NjP
=006  m\\\\\\\\d\\\\\\\\
=007  cr\cn\|||m|||a
=008  210212s1909\\\\tu\\\\\\o\\\\\000\0\ara\d
=040  \\$aZYU$bara$erda$cZYU
=245  00$6880-01$aHādhā huwa al-balāgh al-mubīn alladhī buligha min qabl al-mashyakah al-Islāmīyah ilá ḥaḍrāt al-nūwāb wa-al-qaḍāh wa-al-ʻulamāʼ al-rāsikhīn wa-al-mashāyikh al-ʻārifīn.
=260  \\$6880-02$aIstānbūl :$bMaṭbaʻat Akhwat,$c1327 [1909 or 1910]
=300  \\$aonline resource (13 pages)
=336  \\$atext$2rdacontent
=337  \\$acomputer$2rdamedia
=338  \\$aonline resource$2rdacarrier
=500  \\$aCover title.
=500  \\$aErrata slip inserted.
=500  \\$aPart of the Arabic Collections Online (ACO) project, contributed by Princeton University Libraries.
=533  \\$aElectronic reproduction.$bNew York, N.Y. :$cNew York University,$d2021.$5NNU
=650  \0$aIslam$y20th century.
=650  \7$aIslam.$2fast$0(OCoLC)fst00979776
=648  \7$a1900-1999$2fast
=710  2\$aPrinceton University.$bLibrary.
=730  0\$aArabic Collections Online.
=776  08$iPrint version:$tHādhā huwa al-balāgh al-mubīn alladhī buligha min qabl al-mashyakah al-Islāmīyah ilá ḥaḍrāt al-nūwāb wa-al-qaḍāh wa-al-ʻulamāʼ al-rāsikhīn wa-al-mashāyikh al-ʻārifīn$w(NjP)822486$w(OCoLC)28545231
=856  40$uhttp://hdl.handle.net/2333.1/m63xsv7w 
=880  00$6245-01$aهاذا هو البلاغ المبين الذي بلغ من قبل المشيخة الاسلامية الى حضرات النواب والقضاة والعلماء الراسخين والمشايخ العارفين.
=880  \\$6260-02$aاستانبول :$bمطبعة اخوة،$c1327 [1909 or 1910]
=959  \\$aNNU$bWEB$cGENI$t0$mElectronic access$s01
=999  \\$iNjP_822486$o(OCoLC)ocm28545231$sprinceton_aco002828$e(ERROR-MISC)$sprinceton_aco002828

