=LDR  04505nam a2200517Mi 4500
=001  2789999
=003  NjP
=006  m\\\\\\\\d\\\\\\\\
=007  cr\cn\|||m|||a
=008  210212s1891\\\\mr\\\\\\o\\\\\000\0\ara\d
=040  \\$aZYU$bara$erda$cZYU
=050  \4$aPJ6101.I23$bM35535 1891
=100  1\$6880-01$aIbn al-Ḥājj, Aḥmad ibn Muḥammad.
=240  10$6880-02$aFatḥ al-wadūdī ʻalá sharḥ al-Makkūdī li-Alfīyat Ibn Mālik
=245  10$6880-03$aḤāshiyat al-faqīh al-ʻālim al-ʻallāmah al-amjad al-muḥaqqiq ... Abī al-ʻAbbās Sayyidī Aḥmad ibn Muḥammad ibn Ḥamdūn ibn al-Ḥājj ʻalá Sharḥ al-Imām al-ʻārif billāh al-ʻallāmah al-muḥaqqiq Abī Zayd Sayyidī ʻAbd al-Raḥmān al-Makkūdī.
=246  1\$6880-04$iTitle on v. 2, title page:$aJuzʼ al-thānī min Ḥāshiyat al-ʻārif al-muḥaqqiq al-mushārī Sayyidī Aḥmad ibn al-Ḥājj ʻalá Sharḥ al-Imām al-shahīr bi-al-Sayyidī ʻAbd al-Raḥmān al-Makkūdī
=260  \\$a[Morocco] :$b[publisher not identified],$c1308 [1891]
=300  \\$aonline resource (2 volumes)
=336  \\$atext$2rdacontent
=337  \\$acomputer$2rdamedia
=338  \\$aonline resource$2rdacarrier
=500  \\$a"Al-Ḥāshiyah bi-al-aṣl wa-al-sharḥ bi-al-hāmish."
=500  \\$aPart of the Arabic Collections Online (ACO) project, contributed by Princeton University Libraries.
=533  \\$aElectronic reproduction.$bNew York, N.Y. :$cNew York University,$d2021.$5NNU
=600  10$aMakkūdī, ʻAbd al-Raḥmān ibn ʻAlī,$d-1404 or 1405.$tSharḥ al-Makkūdī ʻalá Alfīyat Ibn Mālik.
=600  10$aIbn Mālik, Muḥammad ibn ʻAbd Allāh,$d-1274.$tAlfīyah.
=630  07$aAlfīyah (Ibn Mālik, Muḥammad ibn ʻAbd Allāh)$2fast$0(OCoLC)fst01360506
=650  \0$aArabic language$xGrammar$vEarly works to 1800.
=650  \7$aArabic language$xGrammar.$2fast$0(OCoLC)fst00812341
=655  \7$aLithographs$zMorocco$y1891.$2gmgpc
=655  \7$aEarly works.$2fast$0(OCoLC)fst01411636
=700  12$6880-05$aMakkūdī, ʻAbd al-Raḥmān ibn ʻAlī,$d-1404 or 1405.$tSharḥ al-Makkūdī ʻalá Alfīyat Ibn Mālik.
=710  2\$aPrinceton University.$bLibrary.
=730  0\$aArabic Collections Online.
=740  0\$6880-06$aSharḥ al-Makkūdī ʻalá Alfīyat Ibn Mālik.
=776  08$iOnline version:$aIbn al-Ḥājj, Aḥmad ibn Muḥammad.$sFatḥ al-wadūdī ʻalá sharḥ al-Makkūdī li-Alfīyat Ibn Mālik.$tḤāshiyat al-faqīh al-ʻālim al-ʻallāmah al-amjad al-muḥaqqiq ... Abī al-ʻAbbās Sayyidī Aḥmad ibn Muḥammad ibn Ḥamdūn ibn al-Ḥājj ʻalá Sharḥ al-Imām al-ʻārif billāh al-ʻallāmah al-muḥaqqiq Abī Zayd Sayyidī ʻAbd al-Raḥmān al-Makkūdī.$d[Morocco : s.n.], 1308 [1891]$w(OCoLC)657043936
=776  08$iPrint version:$aIbn al-Ḥājj, Aḥmad ibn Muḥammad.$tḤāshiyat al-faqīh al-ʻālim al-ʻallāmah al-amjad al-muḥaqqiq ... Abī al-ʻAbbās Sayyidī Aḥmad ibn Muḥammad ibn Ḥamdūn ibn al-Ḥājj ʻalá Sharḥ al-Imām al-ʻārif billāh al-ʻallāmah al-muḥaqqiq Abī Zayd Sayyidī ʻAbd al-Raḥmān al-Makkūdī$w(NjP)2789999$w(OCoLC)84492565
=856  40$uhttp://hdl.handle.net/2333.1/dr7sr5dj 
=880  1\$6100-01$aابن الحاج، احمد بن محمد.
=880  10$6240-02$aفتح الودودي على شرح المكودي لالفية ابن مالك
=880  10$6245-03$aحاشية الفقيه العالم العلامة الامجد المحقق ... ابي العباس سيدي احمد بن محمد بن حمدون بن الحاج على شرح الامام العارف بالله العلامة المحقق ابي زيد سيدي عبد الرحمن المكودي.
=880  1\$6246-04$iTitle on v. 2, title page:$aجزء الثاني من حاشية العارف المحقق المشاري سيدي احمد بن الحاج على شرح الامام الشهير بالسيدي عبد الرحمن المكودي
=880  12$6700-05$aمكودي، عبد الرحمن بن علي،$d-1404 or 1405.$tشرح المكودي على الفية ابن مالك.
=880  0\$6740-06$aشرح المكودي على الفية ابن مالك.
=959  \\$aNNU$bWEB$cGENI$t0$mElectronic access$s01
=999  \\$iNjP_2789999$o(OCoLC)ocm84492565$sprinceton_aco004383:juz.2$sprinceton_aco004384:juz 1$e(ERROR-880)$sprinceton_aco004383:juz.2$sprinceton_aco004384:juz 1

