=LDR  01888nam a2200349Mi 4500
=001  417987
=003  NjP
=006  m\\\\\\\\d\\\\\\\\
=007  cr\cn\|||m|||a
=008  210212s1914\\\\sy\\\\\\o\\\\\000\0\ara\d
=040  \\$aZYU$bara$erda$cZYU
=245  00$6880-01$aHādhihi risālah fī al-tawḥīd wa-al-tathlīth :$bwa-hiya jawāb li-risālah jāʼatnī khuṣūṣan min nawāḥī Sūriyā mimman lam yuʻarrifnī nafsah = at Tawhïd oi-ttasliss.
=260  \\$6880-02$aṢaydā :$bMaṭbaʻat al-ʻIrfān,$c1914.
=300  \\$aonline resource (56 pages)
=336  \\$atext$2rdacontent
=337  \\$acomputer$2rdamedia
=338  \\$aonline resource$2rdacarrier
=500  \\$aErrata slip inserted.
=500  \\$aPart of the Arabic Collections Online (ACO) project, contributed by Princeton University Libraries.
=533  \\$aElectronic reproduction.$bNew York, N.Y. :$cNew York University,$d2021.$5NNU
=650  \0$aTrinity.
=650  \7$aTrinity.$2fast$0(OCoLC)fst01156777
=710  2\$aPrinceton University.$bLibrary.
=730  0\$aArabic Collections Online.
=740  0\$aTawhïd oi-ttasliss.
=776  08$iOnline version:$tHādhihi risālah fī al-tawḥīd wa-al-tathlīth.$dṢaydā : Matbaat al-ʻIrfān, 1914$w(OCoLC)656782552
=776  08$iPrint version:$tHādhihi risālah fī al-tawḥīd wa-al-tathlīth$w(NjP)417987$w(OCoLC)80401574
=856  40$uhttp://hdl.handle.net/2333.1/rbnzsjjd 
=880  00$6245-01$aهذه رسالة في التوحيد والتثليث :$bوهي جواب لرسالة جاءتني خصوصا من نواحي سوريا ممن لم يعرفني نفسة = at Tawhïd oi-ttasliss.
=880  \\$6260-02$aصيدا :$bمطبعة العرفان،$c1914.
=959  \\$aNNU$bWEB$cGENI$t0$mElectronic access$s01
=999  \\$iNjP_417987$o(OCoLC)ocm80401574$sprinceton_aco003489:$e(ERROR-MISC)$sprinceton_aco003489:

