=LDR  02391nam a2200421Mi 4500
=001  2630328
=003  NjP
=006  m\\\\\\\\d\\\\\\\\
=007  cr\cn\|||m|||a
=008  210212s1904\\\\ua\ac\\\o\\\\\000\0\ara\d
=040  \\$aZYU$bara$erda$cZYU
=041  1\$aara$hund
=100  0\$aHomer.
=240  10$aIliad.$lArabic
=245  10$6880-01$aIliyāḍah Hūmīrūs, muʻarrabah naẓman wa-ʻalayhā sharḥ tārīkhī adabī :$bwa-hiya muṣaddara bi-muqaddamah fī Hūmīrūs wa-shiʻrihi wa-Ādāb al-Yūnān wa-al-ʻArab /$cbi-qalam Sulaymān al-Bustānī.
=246  3\$aL'Iliade d'Homère  traduite en vers arabes, avec une introduction historique et littéraire sur l'auteur et son oeuvre en regard de la littérature arabe
=246  3\$aIliade
=260  \\$6880-02$aMiṣr :$bMaṭbaʻt al-Hilāl,$c1904.
=300  \\$aonline resource (1260 pages) :$billustrations, portraits
=336  \\$atext$2rdacontent
=337  \\$acomputer$2rdamedia
=338  \\$aonline resource$2rdacarrier
=500  \\$aTranslated title: The Iliad.
=500  \\$aPart of the Arabic Collections Online (ACO) project, contributed by Princeton University Libraries.
=533  \\$aElectronic reproduction.$bNew York, N.Y. :$cNew York University,$d2021.$5NNU
=600  00$aHomer.$tIliad.
=650  \0$aArabic books.
=700  1\$6880-03$aBustānī, Sulaymān Khaṭṭār,$d1856-1925.
=710  2\$aPrinceton University.$bLibrary.
=730  0\$aArabic Collections Online.
=776  08$iOnline version:$aHomer.$sIliad. Arabic.$tAl-Yazat Houmirus.$dEgypt, al-Hilal, 1904$w(OCoLC)951219423
=776  08$iPrint version:$aHomer.$tIliyāḍah Hūmīrūs, muʻarrabah naẓman wa-ʻalayhā sharḥ tārīkhī adabī$w(NjP)2630328$w(OCoLC)19957265
=856  40$uhttp://hdl.handle.net/2333.1/6wwpzspv 
=880  10$6245-01$aالياذة هوميروس$bمعربة نظماً وعليها شرح تاريخي ادبي وهي مصدرة بمقدمة في هوميروس وشعره وآداب اليونان و العرب /$cبقلم سليمان البستاني.
=880  \\$6260-02$aمصر :$bمطبعة الهلال،$c1904.
=880  1\$6700-03$aبستاني، سليمان خطار،$d1856-1925.
=959  \\$aNNU$bWEB$cGENI$t0$mElectronic access$s01
=999  \\$iNjP_2630328$o(OCoLC)ocm19957265$sprinceton_aco004699:$e(ERROR-880)(ERROR-MISC)$sprinceton_aco004699:

