=LDR  01910nam a2200385Mi 4500
=001  807561
=003  NjP
=006  m\\\\\\\\d\\\\\\\\
=007  cr\cn\|||m|||a
=008  210212q19001993sy\\\\\\o\\\\\000\0\ara\d
=040  \\$aZYU$bara$erda$cZYU
=100  1\$6880-01$aSharīf, Ḥikmat Bik.
=240  10$6880-02$aBānat Suʻād
=245  10$6880-03$aSaʻādat al-miʻād fī mukhtaṣar sharḥ Bānat Suʻād /$cbi-qalam kātibihā wa-muṣaḥiḥihā Ḥikmat Bik Sharīf.
=246  3\$6880-04$aBānat Suʻād
=260  \\$6880-05$aṬarābulūs :$bal-Maktabah al-Rifāʻīyah,$c[19--]
=300  \\$aonline resource (34 pages)
=336  \\$atext$2rdacontent
=337  \\$acomputer$2rdamedia
=338  \\$aonline resource$2rdacarrier
=500  \\$aPart of the Arabic Collections Online (ACO) project, contributed by Princeton University Libraries.
=533  \\$aElectronic reproduction.$bNew York, N.Y. :$cNew York University,$d2021.$5NNU
=600  00$aKaʻb ibn Zuhayr.$tQaṣīdat al-Burdah.
=630  07$aQaṣīdat al-Burdah (Kaʻb ibn Zuhayr)$2fast$0(OCoLC)fst01376087
=710  2\$aPrinceton University.$bLibrary.
=730  0\$aArabic Collections Online.
=776  08$iPrint version:$aSharīf, Ḥikmat Bik.$tSaʻādat al-miʻād fī mukhtaṣar sharḥ Bānat Suʻād$w(NjP)807561$w(OCoLC)28144108
=856  40$uhttp://hdl.handle.net/2333.1/ttdz0kpx 
=880  1\$6100-01$aشريف، حكمت بك.
=880  10$6240-02$aبانت سعاد
=880  10$6245-03$aسعادة المعاد في مختصر شرح بانت سعاد /$cبقلم كاتبها ومصححها حكمت بك شريف.
=880  3\$6246-04$aبانت سعاد
=880  \\$6260-05$aطرابلس :$bالمكتبة الرفاعية،$c[19--]
=959  \\$aNNU$bWEB$cGENI$t0$mElectronic access$s01
=999  \\$iNjP_807561$o(OCoLC)ocm28144108$sprinceton_aco002832$e(ERROR-MISC)$sprinceton_aco002832

