=LDR  01684nam a2200337Mi 4500
=001  608205
=003  NjP
=006  m\\\\\\\\d\\\\\\\\
=007  cr\cn\|||m|||a
=008  210212s1872\\\\sy\\\\\\o\\\\\000\0\ara\d
=040  \\$aZYU$bara$erda$cZYU
=245  00$6880-01$aQaṭf al-zahwī ay majmūʻ al-taqārīẓ /$ctuqaddamat Yūsuf Afandī Niʻmat Allāh.
=260  \\$6880-02$aḤalab :$bal-Madrasah al-Mārūnīyah,$c1872.
=300  \\$aonline resource (8 [i.e. 10] pages)
=336  \\$atext$2rdacontent
=337  \\$acomputer$2rdamedia
=338  \\$aonline resource$2rdacarrier
=500  \\$aCover title.
=500  \\$aPart of the Arabic Collections Online (ACO) project, contributed by Princeton University Libraries.
=533  \\$aElectronic reproduction.$bNew York, N.Y. :$cNew York University,$d2021.$5NNU
=650  \0$aLaudatory poetry, Arabic.
=650  \7$aLaudatory poetry, Arabic.$2fast$0(OCoLC)fst00993507
=710  2\$aPrinceton University.$bLibrary.
=730  0\$aArabic Collections Online.
=776  08$iOnline version:$tQaṭf al-zahwī ay majmūʻ al-taqārīẓ.$dḤalab : al-Madrasah al-Mārūnīyah, 1872$w(OCoLC)780199984
=776  08$iPrint version:$tQaṭf al-zahwī ay majmūʻ al-taqārīẓ$w(NjP)608205$w(OCoLC)81993901
=856  40$uhttp://hdl.handle.net/2333.1/wstqk16f 
=880  00$6245-01$aقطف الزهوي اي مجموع التقاريظ /$cتقدمة يوسف افندي نعمة الله.
=880  \\$6260-02$aحلب :$bالمدرسة المارونية،$c1872.
=959  \\$aNNU$bWEB$cGENI$t0$mElectronic access$s01
=999  \\$iNjP_608205$o(OCoLC)ocm81993901$sprinceton_aco002787$e(ERROR-MISC)$sprinceton_aco002787

