=LDR  02473nam a2200445Mi 4500
=001  735700
=003  NjP
=006  m\\\\\\\\d\\\\\\\\
=007  cr\cn\|||m|||a
=008  210212s1983\\\\ir\\\\\\ob\\\\000\0\ara\d
=040  \\$aZYU$bara$erda$cZYU
=041  1\$aara$aper$hara
=100  1\$6880-01$aMūsawī al-Iṣbahānī, Abū al-Ḥasan,$d1867 or 1868-1945 or 1946.
=245  10$6880-02$aMikyāl al-makārim fī fawāʼid al-duʻāʼ lil-qāʼim /$cĀyat Allāh Sayyid Muḥammad Taqī Mūsawī Iṣfahānī ; tarjamah-i Sayyid Mahdī Ḥāʼirī Qazvīnī.
=250  \\$6880-03$aChāp-i 1.
=260  \\$6880-04$a[Tehran?] :$bIntishārāt-i Badr,$c1403 [i.e. 1983]
=300  \\$aonline resource (2 volumes)
=336  \\$atext$2rdacontent
=337  \\$acomputer$2rdamedia
=338  \\$aonline resource$2rdacarrier
=500  \\$aIn Arabic with accompanying Persian translation.
=500  \\$aPart of the Arabic Collections Online (ACO) project, contributed by Princeton University Libraries.
=504  \\$aIncludes bibliographical references.
=533  \\$aElectronic reproduction.$bNew York, N.Y. :$cNew York University,$d2021.$5NNU
=650  \0$aIslam$xCustoms and practices.
=650  \0$aReligious life$xIslam.
=650  \0$aIslamic ethics.
=650  \7$aIslam$xCustoms and practices.$2fast$0(OCoLC)fst00979785
=650  \7$aIslamic ethics.$2fast$0(OCoLC)fst00979936
=650  \7$aReligious life$xIslam.$2fast$0(OCoLC)fst01094119
=710  2\$aPrinceton University.$bLibrary.
=730  0\$aArabic Collections Online.
=776  08$iPrint version:$aMūsawī al-Iṣbahānī, Abū al-Ḥasan, 1867 or 1868-1945 or 1946.$tMikyāl al-makārim fī fawāʼid al-duʻāʼ lil-qāʼim$w(NjP)735700$w(OCoLC)25461042
=856  40$uhttp://hdl.handle.net/2333.1/sj3txmb9 
=880  1\$6100-01$aموسوي الاصبهاني، ابو الحسن،$d1867 or 1868-1945 or 1946.
=880  10$6245-02$aمكيال المكارم في فوائد الدعاء للقائم /$cآية الله سيد محمد تقي موسوي اصفهاني ؛ ترجمها سيد مهدي حائري قزڤيني.
=880  \\$6250-03$aچاپ ١.
=880  \\$6260-04$a[Tehran?] :$bانتشارات بدر،$c1403 [i.e. 1983]
=959  \\$aNNU$bWEB$cGENI$t0$mElectronic access$s01
=999  \\$iNjP_735700$o(OCoLC)ocm25461042$sprinceton_aco002983:jild 1$sprinceton_aco003010:jild 2$e(ERROR-MISC)$sprinceton_aco002983:jild 1$sprinceton_aco003010:jild 2

