=LDR  02994nam a2200517Mi 4500
=001  386068
=003  NjP
=006  m\\\\\\\\d\\\\\\\\
=007  cr\cn\|||m|||a
=008  210212s1955\\\\ua\\\\\\o\e\\\\\1\\\ara\d
=040  \\$aZYU$bara$erda$cZYU
=041  1\$aara$heng
=043  \\$aaw-----$aff-----
=050  14$aG1786.S1$bH3
=100  1\$6880-01$aHazard, Harry W.$q(Harry Williams),$d1918-1989.
=240  10$aAtlas of Islamic history.$lArabic
=245  10$6880-02$aAṭlas al-tārīkh al-Islāmī /$cṣannafahu Hārī W. Hāzārd ; rasama kharāʼiṭahu Simīlī wa-Kūk ; tarjamahu wa-ḥaqqaqahu Ibrāhīm Zakī Khūrshīd ; rājaʻahu Muḥammad Muṣṭafá Ziyādah ; qaddama la-hu Muḥammad ʻAwaḍ Muḥammad.
=260  \\$6880-03$aal-Qāhirah :$bMaktabat al-Nahḍah al-Miṣrīyah,$c[1955]
=300  \\$aonline resource (1 atlas (52 pages)) :$bcolor maps
=336  \\$atext$2rdacontent
=337  \\$acomputer$2rdamedia
=338  \\$aonline resource$2rdacarrier
=500  \\$aCover title.
=500  \\$aThis is an authorized translation of: Atlas of Islamic history, compiled by Harry W. Hazard, maps executed by H. Lester Cooke, Jr., and J. McA. Smiley. copyright 1951 by Princeton University Press. Revised edtion 1954. Vol. 12 "Princeton Oriental Studies."
=500  \\$aTranslation of: Atlas of Islamic history.
=500  \\$a"Maps by H. Lester Cooke and J. McA. Smiley."
=500  \\$aIncludes index.
=500  \\$aPart of the Arabic Collections Online (ACO) project, contributed by Princeton University Libraries.
=533  \\$aElectronic reproduction.$bNew York, N.Y. :$cNew York University,$d2021.$5NNU
=651  \0$aIslamic countries$xHistorical geography$vMaps.
=650  \7$aHistorical geography.$2fast$0(OCoLC)fst00958122
=651  \7$aIslamic countries.$2fast$0(OCoLC)fst01244130
=655  \7$aMaps.$2fast$0(OCoLC)fst01423704
=700  1\$aCooke, Hereward Lester.
=700  1\$aSmiley, J. McA.
=700  1\$6880-04$aKhūrshīd, Ibrāhīm Zakī.
=710  2\$aPrinceton University.$bLibrary.
=730  0\$aArabic Collections Online.
=776  08$iPrint version:$aHazard, Harry W. (Harry Williams), 1918-1989.$tAṭlas al-tārīkh al-Islāmī$w(NjP)386068$w(OCoLC)60499019
=856  40$uhttp://hdl.handle.net/2333.1/np5hqp1m 
=880  1\$6100-01$aهازارد، هاري و.$q(هاري وليمس)،$d1918-1989.
=880  10$6245-02$aأطلس التاريخ الاسلامي/$cصنفد هاري . و . هازار، رسم خراىطة سميلي و كوك،ترجمة وحققة ابراهيم زكي خورشيد، مراجعة محمد مصطفي زيادة، قدم لة محمد عوض محمد.
=880  \\$6260-03$aالقاهرة ؛$bمكتبة النهضة المصرية،$c1955.
=880  1\$6700-04$aخورشيد، ابراهيم زكي.
=959  \\$aNNU$bWEB$cGENI$t0$mElectronic access$s01
=999  \\$iNjP_386068$o(OCoLC)ocm60499019$sprinceton_aco004023:$e(ERROR-880)$sprinceton_aco004023:

