=LDR  02279nam a2200421Mi 4500
=001  1689725
=003  NjP
=006  m\\\\\\\\d\\\\\\\\
=007  cr\cn\|||m|||a
=008  210212s1965\\\\iq\\\\\\o\\\\f000\0\araod
=040  \\$aZYU$bara$erda$cZYU
=050  \4$aML108$b.K24 Suppl.
=100  1\$6880-01$aDāqūqī, Ibrāhīm.
=245  13$6880-02$aal-Mustadrak ʻalá kitāb al-Iṣṭilāḥāt al-mūsīqīyah /$ciʻdād Ibrāhīm al-Dāqūqī.
=246  3\$aTerminology of Oriental music, supplement
=260  \\$6880-03$aBaghdād :$bWizārat al-Thaqāfah wa-al-Irshād, Mudīrīyat al-Thaqāfah al-ʻĀmmah,$c1965.
=300  \\$aonline resource (105 pages)
=336  \\$atext$2rdacontent
=337  \\$acomputer$2rdamedia
=338  \\$aonline resource$2rdacarrier
=490  1\$6880-04$aSilsilat al-kutub al-mutarjamah ;$vmulḥaq bi-raqm 1
=500  \\$aTitle on added t.p.: Terminology of Oriental music, supplement.
=500  \\$aPart of the Arabic Collections Online (ACO) project, contributed by Princeton University Libraries.
=533  \\$aElectronic reproduction.$bNew York, N.Y. :$cNew York University,$d2021.$5NNU
=650  \0$aMusic$zMiddle East$vTerminology.
=600  00$aUz, Kâzım,$d1873-
=710  2\$aPrinceton University.$bLibrary.
=730  0\$aArabic Collections Online.
=776  08$iPrint version:$aDāqūqī, Ibrāhīm.$tal-Mustadrak ʻalá kitāb al-Iṣṭilāḥāt al-mūsīqīyah$w(NjP)1689725$w(OCoLC)23503185
=830  \0$6880-05$aSilsilat al-kutub al-mutarjamah ;$vmulḥaq bi-raqm 1.
=856  40$uhttp://hdl.handle.net/2333.1/h70rz6gg 
=880  1\$6100-01$aداقوقي، ابراهيم.
=880  12$6245-02$aالمستدرك على كتاب الاصطلاحات الموسيقية /$cاعداد ابراهيم الداقوقي.
=880  \\$6260-03$aبغداد :$bوزارة الثقافة والارشاد، مديرية الثقافة العامة،$c1965.
=880  1\$6490-04$aسلسلة الكتب المترجمة ؛$vملحق برقم 1
=880  \0$6830-05$aسلسلة الكتب المترجمة ؛$vملحق برقم 1.
=959  \\$aNNU$bWEB$cGENI$t0$mElectronic access$s01
=999  \\$iNjP_1689725$o(OCoLC)ocm23503185$sprinceton_aco004220:$e(ERROR-880)$sprinceton_aco004220:

