=LDR  02171nam a2200337Mi 4500
=001  449711
=003  NjP
=006  m\\\\\\\\d\\\\\\\\
=007  cr\cn\|||m|||a
=008  210212s1909\\\\le\\\\\\o\\\\\000\0\ara\d
=040  \\$aZYU$bara$erda$cZYU
=245  00$6880-01$aManāʼir al-ṭaqsīyāt :$bwa-huwa kitāb yaḥtawī ʻalá tansīq ḥarakāt khuddām al-khūrus fī al-quddāsāt al-iḥtifālīyah wa-al-ʻādiyah wa-ṣalawāt al-khūrus wa-al-jināzāt wa-al-rutab wa-al-ʻibādāt wa-al-ṭawāfāt /$cwaḍaʻahu wa-ʻallaqa ḥawāshiyahu baʻḍ ābāʼ al-risālah al-Lubnānīyah al-Mārūnīyah.
=260  \\$6880-02$a[Beirut] :$bBuṭrus Shiblī,$c1909.
=300  \\$aonline resource (272 pages)
=336  \\$atext$2rdacontent
=337  \\$acomputer$2rdamedia
=338  \\$aonline resource$2rdacarrier
=500  \\$aPart of the Arabic Collections Online (ACO) project, contributed by Princeton University Libraries.
=533  \\$aElectronic reproduction.$bNew York, N.Y. :$cNew York University,$d2021.$5NNU
=610  20$aCatholic Church.$bMaronite Patriarchate of Antioch.$bLiturgy and ritual.
=650  \0$aMass.
=650  \7$aMass.$2fast$0(OCoLC)fst01011191
=710  2\$aPrinceton University.$bLibrary.
=730  0\$aArabic Collections Online.
=776  08$iOnline version:$tManāʼir al-ṭaqsīyāt.$d[Beirut] : Buṭrus Shiblī, 1909$w(OCoLC)780171354
=776  08$iPrint version:$tManāʼir al-ṭaqsīyāt$w(NjP)449711$w(OCoLC)25521407
=856  40$uhttp://hdl.handle.net/2333.1/6m9061g0 
=880  00$6245-01$aمنائر الطقسيات :$bوهو كتاب يحتوي على تنسيق حركات خدام الخورس في القداسات الاحتفالية والعادية وصلوات الخورس والجنازات والرتب والعبادات والطوافات /$cوضعه وعلق حواشيه بعض آباء الرسالة اللبنانية المارونية.
=880  \\$6260-02$a[بيروت] :$bبطرس شبلي،$c1909.
=959  \\$aNNU$bWEB$cGENI$t0$mElectronic access$s01
=999  \\$iNjP_449711$o(OCoLC)ocm25521407$sprinceton_aco003402:$e(ERROR-MISC)$sprinceton_aco003402:

