=LDR  01665nam a2200373Mi 4500
=001  435431
=003  NjP
=006  m\\\\\\\\d\\\\\\\\
=007  cr\cn\|||m|||a
=008  210212s1982\\\\ir\\\\\\o\\\\\000\0\ara\d
=040  \\$aZYU$bara$erda$cZYU
=100  1\$6880-01$aṢadr, Muḥammad Bāqir.
=245  10$6880-02$aRisālatuna /$cMuḥammad Bāqir al-Ṣadr ; qaddama la-hu Muḥammad Ḥusayn Faḍl Allāh.
=250  \\$6880-03$aal-Ṭabʻah 2.
=260  \\$6880-04$aṬihrān :$bMaktabat al-Najāḥ,$c1982.
=300  \\$aonline resource (143 pages)
=336  \\$atext$2rdacontent
=337  \\$acomputer$2rdamedia
=338  \\$aonline resource$2rdacarrier
=500  \\$aPart of the Arabic Collections Online (ACO) project, contributed by Princeton University Libraries.
=533  \\$aElectronic reproduction.$bNew York, N.Y. :$cNew York University,$d2021.$5NNU
=650  \0$aIslam$y20th century.
=650  \7$aIslam.$2fast$0(OCoLC)fst00979776
=648  \7$a1900-1999$2fast
=710  2\$aPrinceton University.$bLibrary.
=730  0\$aArabic Collections Online.
=776  08$iPrint version:$aṢadr, Muḥammad Bāqir.$tRisālatuna$w(NjP)435431$w(OCoLC)23697630
=856  40$uhttp://hdl.handle.net/2333.1/ncjsxwwj 
=880  1\$6100-01$aصدر، محمد باقر.
=880  10$6245-02$aرسالتنا /$cمحمد باقر الصدر ؛ قدم له محمد حسين فضل الله.
=880  \\$6250-03$aالطبعة 2.
=880  \\$6260-04$aطهران :$bمكتبة النجاح،$c1982.
=959  \\$aNNU$bWEB$cGENI$t0$mElectronic access$s01
=999  \\$iNjP_435431$o(OCoLC)ocm23697630$sprinceton_aco002915$e(ERROR-MISC)$sprinceton_aco002915

