=LDR  02029nam a2200373Mi 4500
=001  1432528
=003  NjP
=006  m\\\\\\\\d\\\\\\\\
=007  cr\cn\|||m|||a
=008  210212s1951\\\\ua\\\\\\ol\\\\000\0\ara\d
=040  \\$aZYU$bara$erda$cZYU
=110  1\$6880-01$aEgypt.
=240  10$aLaws, etc.
=245  10$6880-02$aTashrīʻ al-ʻamal fī Miṣr :$bmajmūʻah lil-qawānīn wa-al-qarārāt wa-al-awāmir al-ʻummālīyah /$cwaḍʻ Muḥammad Ḥanafī, al-muḥāmī bi-al-isti'nāf al-ʻālī, mudīr maktab al-ʻamal bi-al-Iskandarīyah sābiqan.
=260  \\$6880-03$aal-Iskandarīyah :$bMaṭbaʻat Muḥammad Khalīl,$c1951.
=300  \\$aonline resource (230 pages)
=336  \\$atext$2rdacontent
=337  \\$acomputer$2rdamedia
=338  \\$aonline resource$2rdacarrier
=500  \\$aPart of the Arabic Collections Online (ACO) project, contributed by Princeton University Libraries.
=533  \\$aElectronic reproduction.$bNew York, N.Y. :$cNew York University,$d2021.$5NNU
=546  \\$aTitle-page and text in Arabic.
=500  \\$aCompiled by Muḥammad Ḥanafi.
=700  1\$6880-04$aḤanafī, Muḥammad,$ecompiler.
=710  2\$aPrinceton University.$bLibrary.
=730  0\$aArabic Collections Online.
=776  08$iPrint version:$aEgypt.$tTashrīʻ al-ʻamal fī Miṣr$w(NjP)1432528$w(OCoLC)42877240
=856  40$uhttp://hdl.handle.net/2333.1/vhhmh1r1 
=880  1\$6110-01$aمِصر‎.
=880  10$6245-02$aتشريع العمل في مصر :$bمجموعة للقوانين والقرارات والاوامر العمالية /$cوضع محمد حنفي، المحامي بالاست'ناف العالي، مدير مكتب العمل بالاسكندرية سابقن.
=880  \\$6260-03$aالاسكندرية :$bمطبعة محمد خليل،$c1951.
=880  1\$6700-04$aحنفي، محمد.
=959  \\$aNNU$bWEB$cGENI$t0$mElectronic access$s01
=999  \\$iNjP_1432528$o(OCoLC)ocm42877240$sprinceton_aco004164:$e(ERROR-880)(ERROR-MISC)$sprinceton_aco004164:

