=LDR  02844nam a2200445Mi 4500
=001  316518
=003  NjP
=006  m\\\\\\\\d\\\\\\\\
=007  cr\cn\|||m|||a
=008  210212s1937\\\\mr\acf\\o\\\\\000\0\ara\d
=040  \\$aZYU$bara$erda$cZYU
=043  \\$af-mr---
=100  1\$6880-01$aOsman, Mohamed.
=245  13$6880-02$aAl-jāmiʻah al-Yūsufīyah bi-Marrākush fī tusʻumiʼat sanah :$ballafahu ka-tārīkh li-nashʼat al-dirāsah fī al-Kullīyah al-Yūsufīyah mundhu ʻahdihā al-taʼsīsī wa-abrazahu ka-dhikrá tārīkhīyah li-taʼsīs ramz al-fakhāmah Marrākush al-Ḥamrāʼ /$cbi-qalam Muḥammad ʻUthmān al-Marrākushī.
=246  15$aHistoire de l'Université el Youssoufia de Marrakech
=246  14$6880-03$aAwwal min al-Jāmiʻah al-Yūsufīyah bi-Marrākush
=260  \\$6880-04$aal-Ribāṭ :$bal-Maṭbaʻah al-Iqtiṣādīyah,$c1937.
=300  \\$aonline resource (285 pages, 2 unnumbered leaves of plates) :$billustrations, portraits
=336  \\$atext$2rdacontent
=337  \\$acomputer$2rdamedia
=338  \\$aonline resource$2rdacarrier
=500  \\$aCover title: al-Awwal min al-Jāmiʻah al-Yūsufīyah bi-Marrākush fī tusʻumiʼat sanah.
=500  \\$aTitle on added t.p.: L'histoire de l'Université el-Youssoufia de Marrakech.
=500  \\$aPart of the Arabic Collections Online (ACO) project, contributed by Princeton University Libraries.
=533  \\$aElectronic reproduction.$bNew York, N.Y. :$cNew York University,$d2021.$5NNU
=610  20$aJāmiʻah al-Yūsufīyah (Marrakech, Morocco)
=650  \0$aEducation$zMorocco.
=610  27$aJāmiʻah al-Yūsufīyah (Marrakech, Morocco)$2fast$0(OCoLC)fst00786835
=650  \7$aEducation.$2fast$0(OCoLC)fst00902499
=651  \7$aMorocco.$2fast$0(OCoLC)fst01205592
=710  2\$aPrinceton University.$bLibrary.
=730  0\$aArabic Collections Online.
=776  08$iPrint version:$aOsman, Mohamed.$tAl-jāmiʻah al-Yūsufīyah bi-Marrākush fī tusʻumiʼat sanah$w(NjP)316518$w(OCoLC)43407949
=856  40$uhttp://hdl.handle.net/2333.1/f7m0cs0f 
=880  1\$6100-01$aسمن، مهمد.
=880  12$6245-02$aالجامعة اليوسفية بمراكش في تسعمائة سنة :$bالفه كتاريخ لنشاة الدراسة في الكلية اليوسفية منذ عهدها التأسيسي وابرزه كذكرى تاريخية لتأسيس رمز الفخامة مراكش الحمراء /$cبقلم محمد عثمان المراكشي.
=880  14$6246-03$aاول من الجامعة اليوسفية بمراكش
=880  \\$6260-04$aالرباط :$bالمطبعة الاقتصادية،$c1937.
=959  \\$aNNU$bWEB$cGENI$t0$mElectronic access$s01
=999  \\$iNjP_316518$o(OCoLC)ocm43407949$sprinceton_aco004689:$e(ERROR-880)(ERROR-MISC)$sprinceton_aco004689:

