=LDR  01578nam a2200349Mi 4500
=001  2787009
=003  NjP
=006  m\\\\\\\\d\\\\\\\\
=007  cr\cn\|||m|||a
=008  210212s191u\\\\ua\\\\\\o\\\\\000\0\ara\d
=040  \\$aZYU$bara$erda$cZYU
=100  1\$6880-01$aAbū al-ʻAzāʼim, Muḥammad Māḍī.
=245  13$6880-02$aal-Tāʼibūn.
=260  \\$6880-03$a[Cairo] :$bMaṭbaʻat al-Tawakkul,$c[191-?]
=300  \\$aonline resource (64 pages)
=336  \\$atext$2rdacontent
=337  \\$acomputer$2rdamedia
=338  \\$aonline resource$2rdacarrier
=500  \\$aPart of the Arabic Collections Online (ACO) project, contributed by Princeton University Libraries.
=533  \\$aElectronic reproduction.$bNew York, N.Y. :$cNew York University,$d2021.$5NNU
=546  \\$aIn Arabic.
=650  \0$aRepentance$xIslam.
=710  2\$aPrinceton University.$bLibrary.
=730  0\$aArabic Collections Online.
=776  08$iOnline version:$aAbū al-ʻAzāʼim, Muḥammad Māḍī.$tTāʼibūn.$d[Cairo] Maṭbaʻat al-Tawakkul [191-?]$w(OCoLC)656877200
=776  08$iPrint version:$aAbū al-ʻAzāʼim, Muḥammad Māḍī.$tal-Tāʼibūn$w(NjP)2787009$w(OCoLC)42840641
=856  40$uhttp://hdl.handle.net/2333.1/rxwdc2xs 
=880  1\$6100-01$aابو العزائم، محمد ماضي.
=880  12$6245-02$aالتائبون.
=880  \\$6260-03$a[Cairo] :$bمطبعة التوكل،$c[191-?]
=959  \\$aNNU$bWEB$cGENI$t0$mElectronic access$s01
=999  \\$iNjP_2787009$o(OCoLC)ocm42840641$sprinceton_aco004296:$e(ERROR-MISC)$sprinceton_aco004296:

