=LDR  02468nam a2200421Mi 4500
=001  1070350
=003  NjP
=006  m\\\\\\\\d\\\\\\\\
=007  cr\cn\|||m|||a
=008  210212q19001996ua\\\\\\o\\\\\000\0\ara\d
=040  \\$aZYU$bara$erda$cZYU
=041  1\$aara$aeng$heng
=050  14$aBV2625$b.G347 1900z
=100  1\$aGairdner, W. H. T.$q(William Henry Temple),$d1873-1928.
=240  10$aChanges in the character of the missionary problem.$lArabic & English
=245  13$6880-01$aal-Wathīqah al-Islām al-khaṭar! :$bnaṣṣ al-khiṭāb alladhī alqāhu W.H.T. Jāyirdnir fī muʼtamar Idinburah lil-tabshīr (al-tanṣīr) al-dawlī al-munʻaqid bi-al-Qāhirah ʻashīyat al-Sabt 18 Yūniyū 1910 M /$cMaḥmūd al-Shādhilī.
=260  \\$6880-02$a[Cairo] :$bKitāb al-Mukhtār,$c[19--]
=300  \\$aonline resource (36 pages, pages 251-264)
=336  \\$atext$2rdacontent
=337  \\$acomputer$2rdamedia
=338  \\$aonline resource$2rdacarrier
=490  1\$6880-03$aNaḥwa ṭalāʼiʻ Islāmīyah waʻīyah ;$v29
=500  \\$aPart of the Arabic Collections Online (ACO) project, contributed by Princeton University Libraries.
=533  \\$aElectronic reproduction.$bNew York, N.Y. :$cNew York University,$d2021.$5NNU
=546  \\$aIn Arabic and English.
=650  \0$aMissions to Muslims.
=650  \7$aMissions to Muslims.$2fast$0(OCoLC)fst01023851
=710  2\$aPrinceton University.$bLibrary.
=730  0\$aArabic Collections Online.
=776  08$iPrint version:$aGairdner, W. H. T. (William Henry Temple), 1873-1928.$tal-Wathīqah al-Islām al-khaṭar!$w(NjP)1070350$w(OCoLC)35143510
=830  \0$6880-04$aNaḥwa ṭalāʼiʻ Islāmīyah wāʻiyah ;$v29.
=856  40$uhttp://hdl.handle.net/2333.1/kkwh79x3 
=880  12$6245-01$aالوثيقة الاسلام الخطر! :$bنص الخطاب الذي القاه و.ه.ت. جايردنر في مؤتمر ادنبرة للتبشير (التنصير) الدولي المنعقد بالقاهرة عشية السبت 18 يونيوا 1910 م /$cمحمود الشاذلي.
=880  \\$6260-02$a[القاهرة] :$bكتاب المختار،$c[19--]
=880  1\$6490-03$aنحو طلائع اسلامية واعية ؛$v29
=880  \0$6830-04$aنحو طلائع اسلامية واعية ؛$v29.
=959  \\$aNNU$bWEB$cGENI$t0$mElectronic access$s01
=999  \\$iNjP_1070350$o(OCoLC)ocm35143510$sprinceton_aco004236:$e(ERROR-880)$sprinceton_aco004236:

