=LDR  02094nam a2200433Mi 4500
=001  398161
=003  NjP
=006  m\\\\\\\\d\\\\\\\\
=007  cr\cn\|||m|||a
=008  210212s1984\\\\ir\\\\\\obm\\\000\0\ara\d
=040  \\$aZYU$bara$erda$cZYU
=100  1\$6880-01$aJawāhirī, Ḥasan Muḥammad Taqī.
=245  13$6880-02$aal-Ribā fiqhīyan wa-iqtiṣādīyan /$cḤasan Muḥammad Taqī al-Jawāhirī.
=260  \\$6880-03$a[Qum] :$bH.M.T. Jawāhirī,$c1405 [1984 or 1985]
=300  \\$aonline resource (483 pages)
=336  \\$atext$2rdacontent
=337  \\$acomputer$2rdamedia
=338  \\$aonline resource$2rdacarrier
=500  \\$aPart of the Arabic Collections Online (ACO) project, contributed by Princeton University Libraries.
=504  \\$aIncludes bibliographical references (pages 469-473).
=502  \\$bB.A.$cKullīyat al-Fiqh, Najaf$d1970
=533  \\$aElectronic reproduction.$bNew York, N.Y. :$cNew York University,$d2021.$5NNU
=650  \0$aInterest (Islamic law)
=650  \0$aFinance (Islamic law)
=650  \0$aEconomics$xReligious aspects$xIslam.
=650  \7$aEconomics$xReligious aspects$xIslam.$2fast$0(OCoLC)fst00902190
=650  \7$aFinance (Islamic law)$2fast$0(OCoLC)fst00924432
=650  \7$aInterest (Islamic law)$2fast$0(OCoLC)fst00976152
=655  \7$aAcademic theses.$2fast$0(OCoLC)fst01726453
=655  \7$aAcademic theses.$2lcgft
=710  2\$aPrinceton University.$bLibrary.
=730  0\$aArabic Collections Online.
=776  08$iPrint version:$aJawāhirī, Ḥasan Muḥammad Taqī.$tal-Ribā fiqhīyan wa-iqtiṣādīyan$w(NjP)398161$w(OCoLC)22319158
=856  40$uhttp://hdl.handle.net/2333.1/nvx0khgk 
=880  1\$6100-01$aجواهري، حسن محمد تقي.
=880  12$6245-02$aالربا فقهياً واقتصادياً /$cحسن محمد تقي الجواهري.
=880  \\$6260-03$a[قم] :$bه.م.ت. جواهري،$c1405 [1984 or 1985]
=959  \\$aNNU$bWEB$cGENI$t0$mElectronic access$s01
=999  \\$iNjP_398161$o(OCoLC)ocm22319158$sprinceton_aco003464:$e(ERROR-MISC)$sprinceton_aco003464:

