=LDR  01831nam a2200385Mi 4500
=001  2850932
=003  NjP
=006  m\\\\\\\\d\\\\\\\\
=007  cr\cn\|||m|||a
=008  210212s1963\\\\sy\\\\\\o\\\\\000\0\ara\d
=024  7\$aprinceton_aco003217$2local
=040  \\$aZYU$bara$cZYU
=100  1\$6880-01$aʻIlwān, ʻAbd Allāh Nāṣiḥ.
=245  13$6880-02$aal-Takāful al-ijtimāʻī fī al-Islām$h[electronic resource] /$ctaĺīf ʻAbd Allāh ʻIlwān.
=250  \\$6880-03$aal-Ṭabʻah 1.
=260  \\$6880-04$aḤalab :$bal-Maktabah al-ʻArabīyah,$c1963.
=300  \\$aonline resource (110 p.)
=500  \\$aPart of the Arabic Collections Online (ACO) project, contributed by Princeton University Libraries.
=533  \\$aElectronic reproduction.$bNew York, N.Y. :$cNew York University,$d2021.$5NNU
=650  \0$aIslam$xEconomic aspects.$0http://id.loc.gov/authorities/subjects/sh96003700
=650  \0$aIslamic sociology.$0http://id.loc.gov/authorities/subjects/sh85124226
=710  2\$aPrinceton University.$bLibrary.
=730  0\$aArabic Collections Online.
=776  08$iPrint version:$aʻIlwān, ʻAbd Allāh Nāṣiḥ.$tal-Takāful al-ijtimāʻī fī al-Islām$w(NjP)2850932$w(DLC) 65000938 
=856  40$uhttp://hdl.handle.net/2333.1/gxd25f9k 
=880  1\$6100-01$aعلوان، عبد الله ناصح.
=880  12$6245-02$aالتكافل الاجتماعي في الاسلام /$cتليف عبد الله علوان.
=880  \\$6250-03$aالطبعة 1.
=880  \\$6260-04$aحلب :$bالمكتبة العربية،$c1963.
=948  \\$ajab/con
=911  \\$a20000401
=912  \\$a20000404032500.0
=959  \\$a2009-06-30 12:21:03 -0400
=959  \\$aNNU$bWEB$cGENI$t0$mElectronic access$s01
=999  \\$iNjP_2850932$sprinceton_aco003217$e(ERROR-MISC)$sprinceton_aco003217

