=LDR  02468nam a2200409Mi 4500
=001  648520
=003  NjP
=006  m\\\\\\\\d\\\\\\\\
=007  cr\cn\|||m|||a
=008  210212s1929\\\\iq\\\\\\o\\\\\000\0\ara\d
=040  \\$aZYU$bara$erda$cZYU
=100  1\$6880-01$aĀl Zāʼirdahām, Muḥammad Bāqir ibn Muḥammad.
=240  10$6880-02$aLuʼluʼah al-bahīyah fī al-ṣifāt al-ilāhīyah
=245  10$6880-03$aKitāb al-luʼluʼah al-bayīyah fī al-ṣifāt al-ilāhīyah /$cmin taṣānīf Muḥammad Bāqir ... Muḥammad Āl Zāʼirdahām ; wa-bi-hāmishihi baʻḍ al-taʻlīq la-hu ʻAbbūd al-Shaykh Jāsim.
=246  3\$6880-04$aLuʼluʼah al-bahīyah fī al-ṣifāt al-ilāhīyah
=260  \\$6880-05$aal-ʻImārah [Iraq] :$bal-Maṭbaʻah al-ʻImārīyah,$c1348 [1929 or 1930]
=300  \\$aonline resource (79 pages)
=336  \\$atext$2rdacontent
=337  \\$acomputer$2rdamedia
=338  \\$aonline resource$2rdacarrier
=500  \\$aPart of the Arabic Collections Online (ACO) project, contributed by Princeton University Libraries.
=533  \\$aElectronic reproduction.$bNew York, N.Y. :$cNew York University,$d2021.$5NNU
=650  \0$aGod (Islam)$xAttributes.
=650  \7$aGod (Islam)$xAttributes.$2fast$0(OCoLC)fst00944143
=700  1\$6880-06$aShaykh Jāsim, ʻAbbūd.
=710  2\$aPrinceton University.$bLibrary.
=730  0\$aArabic Collections Online.
=776  08$iPrint version:$aĀl Zāʼirdahām, Muḥammad Bāqir ibn Muḥammad.$tKitāb al-luʼluʼah al-bayīyah fī al-ṣifāt al-ilāhīyah$w(NjP)648520$w(OCoLC)23696582
=856  40$uhttp://hdl.handle.net/2333.1/gb5mkwwr 
=880  1\$6100-01$aآل زائردهام، محمد باقر بن محمد.
=880  10$6240-02$aلؤلؤة البهية في الصفات الالهية
=880  10$6245-03$aكتاب اللؤلؤة البيية في الصفات الالهية /$cمن تصانيف محمد باقر ... محمد آل زائردهام ؛ وبهامشه بعض التعليق له عبود الشيخ جاسم.
=880  3\$6246-04$aلؤلؤة البهية في الصفات الالهية
=880  \\$6260-05$aالعمارة [العراق] :$bالمطبعة العمارية،$c1348 [1929 or 1930]
=880  1\$6700-06$aشيخ جاسم، عبود.
=959  \\$aNNU$bWEB$cGENI$t0$mElectronic access$s01
=999  \\$iNjP_648520$o(OCoLC)ocm23696582$sprinceton_aco003114$e(ERROR-MISC)$sprinceton_aco003114

