=LDR  02521nam a2200445Mi 4500
=001  941336
=003  NjP
=006  m\\\\\\\\d\\\\\\\\
=007  cr\cn\|||m|||a
=008  210212s1894\\\\ua\a\\\\o\\\\\000\0\ara\d
=040  \\$aZYU$bara$erda$cZYU
=100  1\$6880-01$aʻAbd al-ʻAzīz, Aḥmad.
=240  10$6880-02$aMukhtaṣar al-mufīd fī al-ashyāʼ wa-al-mawālīd
=245  10$6880-03$aKitāb al-Mukhtaṣar al-mufīd fī al-ashyāʼ wa-al-mawālīd /$ctaʼlīf Aḥmad ʻAbd al-ʻAzīz, Ibrāhīm Mājid.
=246  3\$6880-04$aMukhtaṣar al-mufīd fī al-ashyāʼ wa-al-mawālīd
=250  \\$6880-05$aal-Ṭabʻah 1.
=260  \\$6880-06$aBūlāq :$bal-Maṭbaʻah al-Amīrīyah,$c1894.
=300  \\$aonline resource (152, 8 pages) :$billustrations
=336  \\$atext$2rdacontent
=337  \\$acomputer$2rdamedia
=338  \\$aonline resource$2rdacarrier
=500  \\$aPart of the Arabic Collections Online (ACO) project, contributed by Princeton University Libraries.
=533  \\$aElectronic reproduction.$bNew York, N.Y. :$cNew York University,$d2021.$5NNU
=650  \0$aScience.
=650  \7$aScience.$2fast$0(OCoLC)fst01108176
=700  1\$6880-07$aMājid, Ibrāhīm.
=710  2\$aPrinceton University.$bLibrary.
=730  0\$aArabic Collections Online.
=776  08$iOnline version:$aʻAbd al-ʻAzīz, Aḥmad.$sMukhtaṣar al-mufīd fī al-ashyāʼ wa-al-mawālīd.$tKitāb al-Mukhtaṣar al-mufīd fī al-ashyāʼ wa-al-mawālīd.$bal-Ṭabʻah 1.$dBūlāq : al-Maṭbaʻah al-Amīrīyah, 1894$w(OCoLC)656794661
=776  08$iPrint version:$aʻAbd al-ʻAzīz, Aḥmad.$tKitāb al-Mukhtaṣar al-mufīd fī al-ashyāʼ wa-al-mawālīd$w(NjP)941336$w(OCoLC)31859140
=856  40$uhttp://hdl.handle.net/2333.1/vdnck42d 
=880  1\$6100-01$aعبد العزيز، احمد.
=880  10$6240-02$aمختصر المفيد في الاشياء والمواليد
=880  10$6245-03$aكتاب المختصر المفيد في الاشياء والمواليد /$cتأليف احمد عبد العزيز، ابراهيم ماجد.
=880  3\$6246-04$aمختصر المفيد في الاشياء والمواليد
=880  \\$6250-05$aالطبعة 1.
=880  \\$6260-06$aبولاق :$bالمطبعة الاميرية،$c1894.
=880  1\$6700-07$aماجد، ابراهيم.
=959  \\$aNNU$bWEB$cGENI$t0$mElectronic access$s01
=999  \\$iNjP_941336$o(OCoLC)ocm31859140$sprinceton_aco004471:$e(ERROR-MISC)$sprinceton_aco004471:

