=LDR  02496nam a2200481Mi 4500
=001  538686
=003  NjP
=006  m\\\\\\\\d\\\\\\\\
=007  cr\cn\|||m|||a
=008  210212m19889999ir\\\\\\ob\\\\000\0\ara\d
=040  \\$aZYU$bara$erda$cZYU
=100  1\$6880-01$aSubḥānī, Jaʻfar.
=245  10$6880-02$aAbḥāth fī al-milal wa-al-niḥal /$cJaʻfar al-Subḥānī.
=246  3\$6880-03$aBuḥūth fī al-milal wa-al-niḥal
=250  \\$6880-04$aal-Ṭabʻah 2., maʻa iḍāfāt hāmmah.
=260  \\$6880-05$aQum :$bMarkaz-i Mudīrīyat-i Ḥawzah-i ʻIlmīyah-i Qum,$c1408- [1988-]
=300  \\$aonline resource (volumes)
=336  \\$atext$2rdacontent
=337  \\$acomputer$2rdamedia
=338  \\$aonline resource$2rdacarrier
=490  1\$6880-06$aMarkaz-i Mudīrīyat-i Ḥawzah-i ʻIlmīyah-i Qum ;$v17-18
=500  \\$aTitle page partially vocalized.
=500  \\$aVol. 2-4 have edition statement: al-Ṭabʻah 1.
=500  \\$aVol. 3-4 have title: Buḥūth fī al-milal wa-al-niḥal.
=500  \\$aPart of the Arabic Collections Online (ACO) project, contributed by Princeton University Libraries.
=504  \\$aIncludes bibliographical references.
=533  \\$aElectronic reproduction.$bNew York, N.Y. :$cNew York University,$d2021.$5NNU
=650  \0$aIslamic sects.
=650  \7$aIslamic sects.$2fast$0(OCoLC)fst00980055
=710  2\$aPrinceton University.$bLibrary.
=730  0\$aArabic Collections Online.
=776  08$iPrint version:$aSubḥānī, Jaʻfar.$tAbḥāth fī al-milal wa-al-niḥal$w(NjP)538686$w(OCoLC)26824493
=830  \0$6880-07$aMarkaz-i Mudīrīyat-i Ḥawzah-ʼi ʻIlmīyah-i Qum (Series) ;$v17-18.
=856  40$uhttp://hdl.handle.net/2333.1/8w9gj72m 
=880  1\$6100-01$aسبحاني، جعفر.
=880  10$6245-02$aابحاث في الملل والنحل /$cجعفر السبحاني.
=880  3\$6246-03$aبحوث في الملل والنحل
=880  \\$6250-04$aالطبعة 2.، مع اضافات هامة.
=880  \\$6260-05$aقم :$bمرکز مدىريت حوزه عالمية قم،$c1408 [1988]
=880  1\$6490-06$aمرکز مدىريت حوزه عالمية قم ؛$v1718
=880  \0$6830-07$aمرکز مدىريت حوزۀ عالمية قم  ؛$v1718.
=959  \\$aNNU$bWEB$cGENI$t0$mElectronic access$s01
=999  \\$iNjP_538686$o(OCoLC)ocm26824493$sprinceton_aco003242:juz 1$sprinceton_aco002992:juz 2$e(ERROR-MISC)$sprinceton_aco003242:juz 1$sprinceton_aco002992:juz 2

