=LDR  01506nam a2200337Mi 4500
=001  2787704
=003  NjP
=006  m\\\\\\\\d\\\\\\\\
=007  cr\cn\|||m|||a
=008  210212s1953\\\\sy\\\\\\o\\\\\000\0\ara\d
=040  \\$aZYU$bara$erda$cZYU
=100  1\$6880-01$aal-Daqir, ʻAbd al-Ghanī.
=245  10$6880-02$aMuḥāḍarāt fī al-dīn wa-al-taʼrīkh wa-al-ijtimāʻ.
=260  \\$a[Damascus?] :$b[publisher not identified],$c[1953]
=300  \\$aonline resource (230 pages)
=336  \\$atext$2rdacontent
=337  \\$acomputer$2rdamedia
=338  \\$aonline resource$2rdacarrier
=500  \\$aPart of the Arabic Collections Online (ACO) project, contributed by Princeton University Libraries.
=533  \\$aElectronic reproduction.$bNew York, N.Y. :$cNew York University,$d2021.$5NNU
=546  \\$aIn Arabic.
=650  \0$aIslam.
=650  \7$aIslam.$2fast$0(OCoLC)fst00979776
=710  2\$aPrinceton University.$bLibrary.
=730  0\$aArabic Collections Online.
=776  08$iPrint version:$aal-Daqir, ʻAbd al-Ghanī.$tMuḥāḍarāt fī al-dīn wa-al-taʼrīkh wa-al-ijtimāʻ$w(NjP)2787704$w(OCoLC)42857745
=856  40$uhttp://hdl.handle.net/2333.1/w3r22k20 
=880  1\$6100-01$aالدقر، عبد الغني.
=880  10$6245-02$aمحاضرات في الدين والتاريخ والاجتماع.
=959  \\$aNNU$bWEB$cGENI$t0$mElectronic access$s01
=999  \\$iNjP_2787704$o(OCoLC)ocm42857745$sprinceton_aco003066$e(ERROR-880)(ERROR-MISC)$sprinceton_aco003066

