=LDR  02156nam a2200385Mi 4500
=001  2786434
=003  NjP
=006  m\\\\\\\\d\\\\\\\\
=007  cr\cn\|||m|||a
=008  210212m18861889ua\a\\\\o\\\\\000\0\ara\d
=040  \\$aZYU$bara$erda$cZYU
=041  1\$aara$htur
=100  1\$6880-01$aAḥmed Mukhtār pāshā, Ghāzī,$d1832-1919.
=245  10$6880-02$aRiyāḍ al-Mukhtār :$bmirʼāt al-mīqāt wa-al-adwār /$cmuʼallifī Ghāzī Aḥmad Mukhtār Pāshā.
=260  \\$6880-03$aMaḥrūsah Miṣr :$bMaṭbaʻat Ḥusayan Ṣabrī,$c1303-06 [1886-1889]
=300  \\$aonline resource (374 pages and atlas of diagrams)
=336  \\$atext$2rdacontent
=337  \\$acomputer$2rdamedia
=338  \\$aonline resource$2rdacarrier
=500  \\$aPart of the Arabic Collections Online (ACO) project, contributed by Princeton University Libraries.
=533  \\$aElectronic reproduction.$bNew York, N.Y. :$cNew York University,$d2021.$5NNU
=546  \\$aTitle-pages and text in Arabic.
=500  \\$aTranslated from the Turkish by Shafīq Manṣūr (Yegen).
=700  0\$6880-04$aShafīq Manṣūr,$etranslator.
=710  2\$aPrinceton University.$bLibrary.
=730  0\$aArabic Collections Online.
=776  08$iOnline version:$aAḥmed Mukhtār pāshā, Ghāzī, 1832-1919.$tRiyāḍ al-Mukhtār.$dBūlāq, 1303-06 [1886-89]$w(OCoLC)656924456
=776  08$iPrint version:$aAḥmed Mukhtār pāshā, Ghāzī, 1832-1919.$tRiyāḍ al-Mukhtār$w(NjP)2786434$w(OCoLC)42824671
=856  40$uhttp://hdl.handle.net/2333.1/wwpzgxzc 
=880  1\$6100-01$aاحمد مختار پاشا، غازى،$d1832-1919.
=880  10$6245-02$aرياض المختار :$bمرآه المىقات والادوار /$cمؤلفى غازى احمد مختار پاشا.
=880  \\$6260-03$aمحروسه مصر :$bمطبعة حسىن صبرى،$c1303-06 [1886-1889]
=880  0\$6700-04$aشفىق منصور.
=959  \\$aNNU$bWEB$cGENI$t0$mElectronic access$s01
=999  \\$iNjP_2786434$o(OCoLC)ocm42824671$sprinceton_aco004284:text$sprinceton_aco004280:plates$e(ERROR-MISC)$sprinceton_aco004284:text$sprinceton_aco004280:plates

