=LDR  02160nam a2200397Mi 4500
=001  861165
=003  NjP
=006  m\\\\\\\\d\\\\\\\\
=007  cr\cn\|||m|||a
=008  210212s1927\\\\ua\\\\\\o\\\\\000\0\ara\d
=040  \\$aZYU$bara$erda$cZYU
=100  1\$6880-01$aIbn ʻUmrān, ʻUmrān ibn Aḥmad.
=240  10$6880-02$aNūr al-bayān fī al-kashf ʻan bidaʻ ākhir al-zamān
=245  10$6880-03$aKitāb Nūr al-bayān fī al-kashf ʻan bidaʻ ākhir al-zamān /$ctaʼlīf ʻUmrān ibn Aḥmad ibn ʻUmrān.
=246  3\$6880-04$aNūr al-bayān fī al-kashf ʻan bidaʻ ākhir al-zamān
=260  \\$6880-05$aMiṣr :$bMaṭbaʻat al-Maʻāhid,$c1347 [1927 or 1928]
=300  \\$aonline resource (157 pages)
=336  \\$atext$2rdacontent
=337  \\$acomputer$2rdamedia
=338  \\$aonline resource$2rdacarrier
=500  \\$aPart of the Arabic Collections Online (ACO) project, contributed by Princeton University Libraries.
=533  \\$aElectronic reproduction.$bNew York, N.Y. :$cNew York University,$d2021.$5NNU
=650  \0$aTaqlīd$vEarly works to 1800.
=650  \7$aTaqlīd.$2fast$0(OCoLC)fst01143038
=655  \7$aEarly works.$2fast$0(OCoLC)fst01411636
=710  2\$aPrinceton University.$bLibrary.
=730  0\$aArabic Collections Online.
=776  08$iPrint version:$aIbn ʻUmrān, ʻUmrān ibn Aḥmad.$tKitāb Nūr al-bayān fī al-kashf ʻan bidaʻ ākhir al-zamān$w(NjP)861165$w(OCoLC)175697038
=856  40$uhttp://hdl.handle.net/2333.1/tdz08wxt 
=880  1\$6100-01$aابن عمران، عمران بن احمد.
=880  10$6240-02$aنور البىان فى الکشف عن بدع آخر الزمان
=880  10$6245-03$aکتاب نور البىان فى الکشف عن بدع آخر الزمان /$cتاءلىف عمران بن احمد بن عمران.
=880  3\$6246-04$aنور البىان فى الکشف عن بدع آخر الزمان
=880  \\$6260-05$aمصر :$bمطبعةالمعاهد،$c1347 [1927 or 1928]
=959  \\$aNNU$bWEB$cGENI$t0$mElectronic access$s01
=999  \\$iNjP_861165$o(OCoLC)ocn175697038$sprinceton_aco002879$e(ERROR-MISC)$sprinceton_aco002879

