=LDR  01523nam a2200349Mi 4500
=001  2834894
=003  NjP
=006  m\\\\\\\\d\\\\\\\\
=007  cr\cn\|||m|||a
=008  210212s1952\\\\ua\\\\\\o\\\\\000\0\ara\d
=040  \\$aZYU$bara$erda$cZYU
=100  1\$6880-01$aʻAbd al-Laṭīf, ʻAbd al-Wahhāb.
=245  13$6880-02$aal-Mukhtaṣar fī ʻilm rijāl al-athar.
=260  \\$6880-03$aMiṣr :$bDār al-taʼlīf,$c1952.
=300  \\$aonline resource (224 pages)
=336  \\$atext$2rdacontent
=337  \\$acomputer$2rdamedia
=338  \\$aonline resource$2rdacarrier
=500  \\$aPart of the Arabic Collections Online (ACO) project, contributed by Princeton University Libraries.
=533  \\$aElectronic reproduction.$bNew York, N.Y. :$cNew York University,$d2021.$5NNU
=546  \\$aIn Arabic.
=650  \0$aHadith.
=650  \7$aHadith.$2fast$0(OCoLC)fst00950112
=710  2\$aPrinceton University.$bLibrary.
=730  0\$aArabic Collections Online.
=776  08$iPrint version:$aʻAbd al-Laṭīf, ʻAbd al-Wahhāb.$tal-Mukhtaṣar fī ʻilm rijāl al-athar$w(NjP)2834894$w(OCoLC)42914995
=856  40$uhttp://hdl.handle.net/2333.1/4f4qrrks 
=880  1\$6100-01$aعبد اللطيف، عبد الوهاب.
=880  12$6245-02$aالمختصر في علم رجال الاثر.
=880  \\$6260-03$aمصر :$bدار التأليف،$c1952.
=959  \\$aNNU$bWEB$cGENI$t0$mElectronic access$s01
=999  \\$iNjP_2834894$o(OCoLC)ocm42914995$sprinceton_aco002887$e(ERROR-MISC)$sprinceton_aco002887

