=LDR  01653nam a2200373Mi 4500
=001  2834889
=003  NjP
=006  m\\\\\\\\d\\\\\\\\
=007  cr\cn\|||m|||a
=008  210212s1950\\\\ua\a\\\\o\\\\\000\0\ara\d
=040  \\$aZYU$bara$erda$cZYU
=043  \\$aa-su---
=100  1\$6880-01$aḤabīb, Ibrāhīm Muḥammad.
=245  10$6880-02$aFī al-arḍ al-muqaddasah.
=260  \\$6880-03$aal-Qāhirah :$bMaṭbaʻat al-ʻĀlam al-ʻĀrabī$c[1950]
=300  \\$aonline resource (176 pages) :$b1 illustration
=336  \\$atext$2rdacontent
=337  \\$acomputer$2rdamedia
=338  \\$aonline resource$2rdacarrier
=500  \\$aPart of the Arabic Collections Online (ACO) project, contributed by Princeton University Libraries.
=533  \\$aElectronic reproduction.$bNew York, N.Y. :$cNew York University,$d2021.$5NNU
=546  \\$aIn Arabic.
=651  \0$aHejaz (Saudi Arabia)$xDescription and travel.
=650  \7$aTravel.$2fast$0(OCoLC)fst01155558
=651  \7$aSaudi Arabia$zHejaz.$2fast$0(OCoLC)fst01291494
=710  2\$aPrinceton University.$bLibrary.
=730  0\$aArabic Collections Online.
=776  08$iPrint version:$aḤabīb, Ibrāhīm Muḥammad.$tFī al-arḍ al-muqaddasah$w(NjP)2834889$w(OCoLC)42914957
=856  40$uhttp://hdl.handle.net/2333.1/4tmpgfdd 
=880  1\$6100-01$aحبيب، ابراهيم محمد.
=880  10$6245-02$aفي الارض المقدسة.
=880  \\$6260-03$aالقاهرة :$bمطبعة العالم العربي$c[1950]
=959  \\$aNNU$bWEB$cGENI$t0$mElectronic access$s01
=999  \\$iNjP_2834889$o(OCoLC)ocm42914957$sprinceton_aco002347$e(ERROR-MISC)$sprinceton_aco002347

