=LDR  01886nam a2200421Mi 4500
=001  2788152
=003  NjP
=006  m\\\\\\\\d\\\\\\\\
=007  cr\cn\|||m|||a
=008  210212m19619999sy\a\\\\o\\\\\000\0\ara\d
=040  \\$aZYU$bara$erda$cZYU
=043  \\$aa-sy---
=100  1\$6880-01$aKurbāj, Muhannā.
=245  10$6880-02$aTārīkh rijālāt Jabal al-ʻArab bayna al-Māḍī wa-al-ḥāḍir.
=260  \\$6880-03$aDimashq :$bMaṭbaʻat al-Iʻtidāl,$c1961-
=300  \\$aonline resource (volumes) :$billustrations
=336  \\$atext$2rdacontent
=337  \\$acomputer$2rdamedia
=338  \\$aonline resource$2rdacarrier
=500  \\$aPart of the Arabic Collections Online (ACO) project, contributed by Princeton University Libraries.
=533  \\$aElectronic reproduction.$bNew York, N.Y. :$cNew York University,$d2021.$5NNU
=546  \\$aIn Arabic.
=650  \0$aDruzes.
=651  \0$aSyria$xHistory$yInsurrection, 1925-1927.
=650  \7$aDruzes.$2fast$0(OCoLC)fst00899110
=651  \7$aSyria.$2fast$0(OCoLC)fst01208757
=647  \7$aInsurrection$c(Syria :$d1925-1927)$2fast$0(OCoLC)fst01353321
=648  \7$a1925-1927$2fast
=655  \7$aHistory.$2fast$0(OCoLC)fst01411628
=710  2\$aPrinceton University.$bLibrary.
=730  0\$aArabic Collections Online.
=776  08$iPrint version:$aKurbāj, Muhannā.$tTārīkh rijālāt Jabal al-ʻArab bayna al-Māḍī wa-al-ḥāḍir$w(NjP)2788152$w(OCoLC)42866599
=856  40$uhttp://hdl.handle.net/2333.1/bcc2g20b 
=880  1\$6100-01$aكرباج، مهنا.
=880  10$6245-02$aتاريخ رجالات جبل العرب بين الماضي والحاضر.
=880  \\$6260-03$aدمشق :$bمطبعة الاعتدال،$c1961-
=959  \\$aNNU$bWEB$cGENI$t0$mElectronic access$s01
=999  \\$iNjP_2788152$o(OCoLC)ocm42866599$sprinceton_aco002220$e(ERROR-MISC)$sprinceton_aco002220

