=LDR  01759nam a2200349Mi 4500
=001  501422
=003  NjP
=006  m\\\\\\\\d\\\\\\\\
=007  cr\cn\|||m|||a
=008  210212m19829999ir\\\\\\ob\\\\000\0\ara\d
=040  \\$aZYU$bara$erda$cZYU
=100  1\$6880-01$aRaḍawī, Muḥammad al-Raḍī.
=245  13$6880-02$aal-Islām wa-ḥuqūq al-insān /$cMuḥammad al-Raḍī al-Raḍawī.
=260  \\$6880-03$aṬihrān :$bYuṭlabu hādhā al-kitāb min Maktabat al-Najāḥ,$c1403- [1982 or 1983-]
=300  \\$aonline resource (volumes)
=336  \\$atext$2rdacontent
=337  \\$acomputer$2rdamedia
=338  \\$aonline resource$2rdacarrier
=500  \\$aPart of the Arabic Collections Online (ACO) project, contributed by Princeton University Libraries.
=504  \\$aIncludes bibliographical references.
=533  \\$aElectronic reproduction.$bNew York, N.Y. :$cNew York University,$d2021.$5NNU
=650  \0$aHuman rights$xReligious aspects$xIslam.
=650  \7$aHuman rights$xReligious aspects$xIslam.$2fast$0(OCoLC)fst00963323
=710  2\$aPrinceton University.$bLibrary.
=730  0\$aArabic Collections Online.
=776  08$iPrint version:$aRaḍawī, Muḥammad al-Raḍī.$tal-Islām wa-ḥuqūq al-insān$w(NjP)501422$w(OCoLC)26601077
=856  40$uhttp://hdl.handle.net/2333.1/x69p8q5z 
=880  1\$6100-01$aرضوي، محمد الرضي.
=880  12$6245-02$aالاسلام وحقوق الانسان /$cمحمد الرضي الرضوي.
=880  \\$6260-03$aطهران :$bيطلب هذا الكتاب من مكتبة النجاح،$c1403- [1982 or 1983-]
=959  \\$aNNU$bWEB$cGENI$t0$mElectronic access$s01
=999  \\$iNjP_501422$o(OCoLC)ocm26601077$sprinceton_aco003222$e(ERROR-MISC)$sprinceton_aco003222

