=LDR  02112nam a2200349Mi 4500
=001  862641
=003  NjP
=006  m\\\\\\\\d\\\\\\\\
=007  cr\cn\|||m|||a
=008  210212s1900\\\\ti\\\\\\o\\\\\000\0\ara\d
=040  \\$aZYU$bara$erda$cZYU
=100  0\$6880-01$aAbū al-Saʻūd Muḥammad ibn Muḥammad,$d1492 or 1493-1574 or 1575.
=245  10$6880-02$aRisālah fī al-riyāʼ wa-al-istikhfāf bi-al-dīn wa-al-jahr bi-al-dhikr wa al-taghanī wa-al-laḥn /$cli-Abī al-Saʻūd al-ʻImādī.
=260  \\$6880-03$a[Tunisia] :$bal-Najāḥ,$c[19--?]
=300  \\$aonline resource (8 pages)
=336  \\$atext$2rdacontent
=337  \\$acomputer$2rdamedia
=338  \\$aonline resource$2rdacarrier
=500  \\$aPart of the Arabic Collections Online (ACO) project, contributed by Princeton University Libraries.
=533  \\$aElectronic reproduction.$bNew York, N.Y. :$cNew York University,$d2021.$5NNU
=650  \0$aIslam.
=650  \7$aIslam.$2fast$0(OCoLC)fst00979776
=710  2\$aPrinceton University.$bLibrary.
=730  0\$aArabic Collections Online.
=776  08$iOnline version:$aAbū al-Saʻūd, Muḥammad ibn Muḥammad, 1492 or 3-1574 or 5.$tRisālah fī al-riyāʼ wa-al-istikhfāf bi-al-dīn wa-al-jahr bi-al-dhikr wa-al-laḥn.$d[Tunisia] : al-Najāḥ, [19--?]$w(OCoLC)780174189
=776  08$iPrint version:$aAbū al-Saʻūd Muḥammad ibn Muḥammad, 1492 or 1493-1574 or 1575.$tRisālah fī al-riyāʼ wa-al-istikhfāf bi-al-dīn wa-al-jahr bi-al-dhikr wa al-taghanī wa-al-laḥn$w(NjP)862641$w(OCoLC)74218991
=856  40$uhttp://hdl.handle.net/2333.1/612jmh3m 
=880  0\$6100-01$aابو السعود محمد بن محمد،$d1492 or 1493-1574 or 1575.
=880  10$6245-02$aرسالة في الرياء والاستخفاف بالدين والجهر بالذكر و التغني واللحن /$cلابي السعود العمادي.
=880  \\$6260-03$a[تونس] :$bالنجاح،$c[19--?]
=959  \\$aNNU$bWEB$cGENI$t0$mElectronic access$s01
=999  \\$iNjP_862641$o(OCoLC)ocm74218991$sprinceton_aco002881$e(ERROR-MISC)$sprinceton_aco002881

