=LDR  02515nam a2200457Mi 4500
=001  1364844
=003  NjP
=006  m\\\\\\\\d\\\\\\\\
=007  cr\cn\|||m|||a
=008  210212s1947\\\\ua\\\\\\ob\\\\001\0\ara\d
=040  \\$aZYU$bara$erda$cZYU
=050  \4$aDT173.U23$bH37 1947
=100  1\$6880-01$aḤasan, Ḥasan Ibrāhīm.
=245  10$6880-02$aʻUbayd Allāh al-Mahdī :$bImām al-Shīʻah al-Ismāʻīlīyah wa-muʼassis al-dawlah al-Fāṭimīyah fī bilād al-Maghrib /$cTaʼlīf Ḥasan Ibrāhīm Ḥasan, Ṭāhā Aḥmad Sharaf.
=246  3\$6880-03$aMahdi Ubayʼd-Ullah
=260  \\$6880-04$aal-Qahirah :$bMaktabat al-Nahḍah al-Miṣrīyah,$c1947.
=300  \\$aonline resource (367 pages)
=336  \\$atext$2rdacontent
=337  \\$acomputer$2rdamedia
=338  \\$aonline resource$2rdacarrier
=500  \\$aAdded cover title: The Mahdi Ubayʼd-Ullah.
=500  \\$aPart of the Arabic Collections Online (ACO) project, contributed by Princeton University Libraries.
=504  \\$aIncludes bibliographical references (pages 343-349) and index.
=533  \\$aElectronic reproduction.$bNew York, N.Y. :$cNew York University,$d2021.$5NNU
=600  00$6880-05$aʻUbayd Allāh al-Mahdī,$cCaliph,$d-934.
=650  \0$aFatimites.
=650  \7$aFatimites.$2fast$0(OCoLC)fst00921954
=700  1\$6880-06$aSharaf, Ṭāhā Aḥmad.
=710  2\$aPrinceton University.$bLibrary.
=730  0\$aArabic Collections Online.
=776  08$iOnline version:$aḤasan, Ḥasan Ibrāhīm.$tʻUbayd Allāh al-Mahdī.$dal-Qahirah : Maktabat al-Nahḍah al-Miṣrīyah, 1947$w(OCoLC)645196386
=776  08$iPrint version:$aḤasan, Ḥasan Ibrāhīm.$tʻUbayd Allāh al-Mahdī$w(NjP)1364844$w(OCoLC)9472136
=856  40$uhttp://hdl.handle.net/2333.1/b2rbp8ss 
=880  1\$6100-01$aحسن، حسن إبراهيم.
=880  10$6245-02$aعبيد الله المهدي :$bامام الشيعة الإسماعيلية ومؤسس الدولة الفاطمية في بلاد المغرب /$cتأليف حسن إبراهيم حسن، طه أحمد شرف.
=880  3\$6246-03$aمهدي عبيد الله
=880  \\$6260-04$aالقاهرة :$bمكتبة النهضة المصرية،$c1947.
=880  04$6600-05$aعبيد الله المهدي،$cCaliph, ،,$dت.934.
=880  1\$6700-06$aشرف، طه أحمد.
=959  \\$aNNU$bWEB$cGENI$t0$mElectronic access$s01
=999  \\$iNjP_1364844$o(OCoLC)ocm09472136$sprinceton_aco002468$e(ERROR-880)$sprinceton_aco002468

