=LDR  01814nam a2200325Mi 4500
=001  3328095
=003  NjP
=006  m\\\\\\\\d\\\\\\\\
=007  cr\cn\|||m|||a
=008  210212s1900\\\\ua\\\\\\o\\\\\000\0\ara\d
=040  \\$aZYU$bara$erda$cZYU
=130  0\$6880-01$aQurʼan.
=245  10$6880-02$aInnahu li-Qurʼān karīm fī kitāb maknūn lā yamassahu illā al-muṭahhirūn tanzīl min Rabb al-ʻAlamīn.
=260  \\$6880-03$aMiṣr :$bal-Maṭbaʻah al-ʻĀmirīyah,$c1318 [1900]
=300  \\$aonline resource (364 pages)
=336  \\$atext$2rdacontent
=337  \\$acomputer$2rdamedia
=338  \\$aonline resource$2rdacarrier
=500  \\$aPart of the Arabic Collections Online (ACO) project, contributed by Princeton University Libraries.
=533  \\$aElectronic reproduction.$bNew York, N.Y. :$cNew York University,$d2021.$5NNU
=710  2\$aPrinceton University.$bLibrary.
=730  0\$aArabic Collections Online.
=776  08$iOnline version:$aKoran.$tInnahu li-Qurʼān karīm fī kitāb maknūn lā yamassahu illā al-muṭahhirūn tanzīl min .$dMiṣr : al-Maṭbaʻah al-ʻĀmirīyah, 1318 [1900]$w(OCoLC)657127391
=776  08$iPrint version:$tInnahu li-Qurʼān karīm fī kitāb maknūn lā yamassahu illā al-muṭahhirūn tanzīl min Rabb al-ʻAlamīn$w(NjP)3328095$w(OCoLC)49373081
=856  40$uhttp://hdl.handle.net/2333.1/8gthtj7x 
=880  0\$6130-01$aقرأن.
=880  10$6245-02$aانه لقرآن كريم في كتاب مكنون لا يمسه الا المطهرون تنزيل من رب العلمين.
=880  \\$6260-03$aمصر :$bالمطبعة العامرية،$c1318 [1900]
=959  \\$aNNU$bWEB$cGENI$t0$mElectronic access$s01
=999  \\$iNjP_3328095$o(OCoLC)ocm49373081$sprinceton_aco004700:$e(ERROR-MISC)$sprinceton_aco004700:

