=LDR  01904nam a2200409Mi 4500
=001  2770428
=003  NjP
=006  m\\\\\\\\d\\\\\\\\
=007  cr\cn\|||m|||a
=008  210212s1942\\\\mr\ab\\\o\\\\\000\0\arard
=040  \\$aZYU$bara$erda$cZYU
=043  \\$aff-----
=100  1\$6880-01$aGannūn, ʻAbd Allāh,$d1908-
=245  10$6880-02$aUmarāʼunā al-shuʻarāʼ /$ctaʼlīf ʻAbd Allāh Kannūn.
=260  \\$6880-03$aTiṭwān, al-Maghrib :$bal-Maṭbaʻah al-Mahdīyah,$c[1942?]
=300  \\$aonline resource (68 pages)
=336  \\$atext$2rdacontent
=337  \\$acomputer$2rdamedia
=338  \\$aonline resource$2rdacarrier
=500  \\$aTitle page dated: 1958.
=500  \\$aPart of the Arabic Collections Online (ACO) project, contributed by Princeton University Libraries.
=533  \\$aElectronic reproduction.$bNew York, N.Y. :$cNew York University,$d2021.$5NNU
=650  \0$aArabic poetry$zAfrica, North$xHistory and criticism.
=651  \0$aAfrica, North$xHistory.
=650  \7$aArabic poetry.$2fast$0(OCoLC)fst00812533
=651  \7$aNorth Africa.$2fast$0(OCoLC)fst01239515
=655  \7$aCriticism, interpretation, etc.$2fast$0(OCoLC)fst01411635
=655  \7$aHistory.$2fast$0(OCoLC)fst01411628
=710  2\$aPrinceton University.$bLibrary.
=730  0\$aArabic Collections Online.
=776  08$iPrint version:$aGannūn, ʻAbd Allāh, 1908-$tUmarāʼunā al-shuʻarāʼ$w(NjP)2770428$w(OCoLC)33995227
=856  40$uhttp://hdl.handle.net/2333.1/pg4f51sg 
=880  1\$6100-01$aگنون، عبد الله،$d1908-
=880  10$6245-02$aامراؤنا الشعراء /$cتأليف عبد الله كنون.
=880  \\$6260-03$aتطوان، المغرب :$bالمطبعة المهدية،$c[1942؟]
=959  \\$aNNU$bWEB$cGENI$t0$mElectronic access$s01
=999  \\$iNjP_2770428$o(OCoLC)ocm33995227$sprinceton_aco004010:$e(ERROR-MISC)$sprinceton_aco004010:

