=LDR  02324nam a2200397Mi 4500
=001  214905
=003  NjP
=006  m\\\\\\\\d\\\\\\\\
=007  cr\cn\|||m|||a
=008  210212m19759999ir\\\\\\ob\\\\000\0\ara\d
=040  \\$aZYU$bara$erda$cZYU
=100  1\$6880-01$aMīlānī, Muḥammad Hādī al-Ḥusaynī,$d1895-1975.
=245  10$6880-02$aMuḥāḍarāt fī fiqh al-imāmīyah /$cli-Muḥammad Hādī al-Mīlānī : jamaʻahā wa-ʻallaqa ʻalayhā Fāḍil al-Ḥusaynī al-Mīlānī.
=260  \\$6880-03$a[Mashhad] :$bDānishgāh-i Firdawsī,$c1396- [1975-]
=300  \\$aonline resource (volumes)
=336  \\$atext$2rdacontent
=337  \\$acomputer$2rdamedia
=338  \\$aonline resource$2rdacarrier
=500  \\$aPart of the Arabic Collections Online (ACO) project, contributed by Princeton University Libraries.
=504  \\$aIncludes bibliographical references.
=533  \\$aElectronic reproduction.$bNew York, N.Y. :$cNew York University,$d2021.$5NNU
=650  \0$aShiites.
=650  \0$aIslamic law$xInterpretation and construction.
=650  \7$aIslamic law$xInterpretation and construction.$2fast$0(OCoLC)fst00979955
=650  \7$aShiites.$2fast$0(OCoLC)fst01115976
=700  1\$6880-04$aMīlānī, Fāḍil al-Ḥusaynī.
=710  2\$aPrinceton University.$bLibrary.
=730  0\$aArabic Collections Online.
=776  08$iPrint version:$aMīlānī, Muḥammad Hādī al-Ḥusaynī, 1895-1975.$tMuḥāḍarāt fī fiqh al-imāmīyah$w(NjP)214905$w(OCoLC)122704253
=856  40$uhttp://hdl.handle.net/2333.1/8cz8wmhv 
=880  1\$6100-01$aميلاني، محمد هادي الحسيني،$d1895-1975.
=880  10$6245-02$aمحاضرات في فقه الإمامية /$cلمحمد هادي الميلاني.
=880  \\$6260-03$a[مشهد] :$bدانشگاه فردوسي،$c1396- [1975-]
=880  1\$6700-04$aميلاني، فاضل الحسيني.
=959  \\$aNNU$bWEB$cGENI$t0$mElectronic access$s01
=999  \\$iNjP_214905$o(OCoLC)ocn122704253$sprinceton_aco003303:qism 1$sprinceton_aco003302:qism 2$sprinceton_aco003301:qism 3$sprinceton_aco003300:qism 4$sprinceton_aco003289:qism 5$e(ERROR-MISC)$sprinceton_aco003303:qism 1$sprinceton_aco003302:qism 2$sprinceton_aco003301:qism 3$sprinceton_aco003300:qism 4$sprinceton_aco003289:qism 5

