=LDR  01837nam a2200337Mi 4500
=001  782987
=003  NjP
=006  m\\\\\\\\d\\\\\\\\
=007  cr\cn\|||m|||a
=008  210212s1983\\\\ir\\\\\\o\\\\\000\0\ara\d
=024  7\$aprinceton_aco004009$2local
=040  \\$aZYU$bara$cZYU
=100  1\$6880-01$aFayḍ al-Kāshī, Muḥammad ibn Murtaḍá,$d1598 or 1599-1680 or 1681$0http://id.loc.gov/authorities/names/n80032186
=245  13$6880-02$aal-Nawādir fī jamʻ al-aḥādīth$h[electronic resource] /$cli-muʼallifah Muḥsin al-Kāshānī.
=260  \\$6880-03$aQum :$bIntishārāt Kitābfurūshī Kutubī Najafī,$c1983.
=300  \\$aonline resource (267 p.)
=500  \\$aPart of the Arabic Collections Online (ACO) project, contributed by Princeton University Libraries.
=533  \\$aElectronic reproduction.$bNew York, N.Y. :$cNew York University,$d2021.$5NNU
=650  \0$aHadith.
=710  2\$aPrinceton University.$bLibrary.
=730  0\$aArabic Collections Online.
=776  08$iPrint version:$aFayḍ al-Kāshī, Muḥammad ibn Murtaḍá, 1598 or 1599-1680 or 1681 http://id.loc.gov/authorities/names/n80032186$tal-Nawādir fī jamʻ al-aḥādīth$w(NjP)782987
=856  40$uhttp://hdl.handle.net/2333.1/dfn2zd52 
=880  1\$6100-01$aفيض الكاشي، محمد بن مرتضى،$d1598 or 1599-1680 or 1681$0http://id.loc.gov/authorities/names/n80032186
=880  12$6245-02$aالنوادر في جمع الأحاديث /$cلمؤلفه محسن الكشاني.
=880  \\$6260-03$aقم :$bانتشارات كتابفروشي كتبي نجفي،$c1983.
=911  \\$a19930209
=912  \\$a19930127000000.0
=959  \\$a2011-03-29 15:18:48 -0400
=959  \\$aNNU$bWEB$cGENI$t0$mElectronic access$s01
=999  \\$iNjP_782987$sprinceton_aco004009:$e(ERROR-MISC)$sprinceton_aco004009:

