=LDR  01423nam a2200289Mi 4500
=001  7012295
=003  NjP
=006  m\\\\\\\\d\\\\\\\\
=007  cr\cn\|||m|||a
=008  210212s1909\\\\le\|||||o||||||||\||ara|d
=024  7\$aprinceton_aco003670$2local
=040  \\$aZYU$bara$cZYU
=130  0\$aBible.$lArabic.$f1909.
=245  13$6880-01$aal-Kitāb al-muqaddas, ay, kutub al-ʻAhd al-qadīm wa-al-ʻAhd al-jadīd$h[electronic resource].
=260  \\$6880-02$aBayrūt :$bal-Maṭbaʻah al-Amrīkānīyah,$c1909.
=300  \\$aonline resource (1 v. (various pagings))
=500  \\$aPart of the Arabic Collections Online (ACO) project, contributed by Princeton University Libraries.
=533  \\$aElectronic reproduction.$bNew York, N.Y. :$cNew York University,$d2021.$5NNU
=710  2\$aPrinceton University.$bLibrary.
=730  0\$aArabic Collections Online.
=776  08$iPrint version:$tal-Kitāb al-muqaddas, ay, kutub al-ʻAhd al-qadīm wa-al-ʻAhd al-jadīd$w(NjP)7012295
=856  40$uhttp://hdl.handle.net/2333.1/f1vhhxkf 
=880  12$6245-01$aالكتاب المقدس، اي، كتب العهد القديم والعهد الجديد.
=880  \\$6260-02$aبيروت :$bالمطبعة الامريكانية،$c1909.
=959  \\$a2012-03-09 14:55:14 -0400
=959  \\$aNNU$bWEB$cGENI$t0$mElectronic access$s01
=999  \\$iNjP_7012295$sprinceton_aco003670:$e(ERROR-880)(ERROR-MISC)$sprinceton_aco003670:

