=LDR  01784nam a2200361Mi 4500
=001  4138814
=003  NjP
=006  m\\\\\\\\d\\\\\\\\
=007  cr\cn\|||m|||a
=008  210212m19599999sy\\\\\\o\\\\\000\0\ara\d
=024  7\$aprinceton_aco004193$2local
=040  \\$aZYU$bara$cZYU
=100  1\$6880-01$aAlbānī, Muḥammad Nāṣir al-Dīn.
=245  10$6880-02$aSilsilat al-aḥādīth al-ṣaḥīḥah$h[electronic resource] :$bwa-shayʼ min fiqhihā wa-fawāʼidihā /$ctakhrīj Muḥammad Nāṣir al-Dīn al-Albānī.
=250  \\$6880-03$aal-Ṭabʻah 1.
=260  \\$6880-04$aDimashq :$bMaktab al-Islāmī,$c1959-
=300  \\$aonline resource (v.)
=500  \\$aPart of the Arabic Collections Online (ACO) project, contributed by Princeton University Libraries.
=533  \\$aElectronic reproduction.$bNew York, N.Y. :$cNew York University,$d2021.$5NNU
=650  \0$aHadith.
=710  2\$aPrinceton University.$bLibrary.
=730  0\$aArabic Collections Online.
=776  08$iPrint version:$aAlbānī, Muḥammad Nāṣir al-Dīn.$tSilsilat al-aḥādīth al-ṣaḥīḥah$w(NjP)4138814
=856  40$uhttp://hdl.handle.net/2333.1/1ns1rz8c 
=866  \0$04413222$av. 1
=880  1\$6100-01$aالباني، محمد ناصر الدين.
=880  10$6245-02$aسلسلة الاحاديث الصحيحة :$bوشيء من فقهها وفوائدها /$cتخريج محمد ناصر الدين الالباني.
=880  \\$6250-03$aالطبعة 1.
=880  \\$6260-04$aدمشق :$bمكتب الاسلامي،$c1959-
=902  \\$ajab$br$7m$dv$f0$e20040322
=959  \\$a2009-04-10 08:54:46 -0500
=959  \\$aNNU$bWEB$cGENI$t0$mElectronic access$s01
=999  \\$iNjP_4138814$sprinceton_aco004193:vol.1$e(ERROR-MISC)$sprinceton_aco004193:vol.1

