=LDR  01631nam a2200349Mi 4500
=001  2966376
=003  NjP
=006  m\\\\\\\\d\\\\\\\\
=007  cr\cn\|||m|||a
=008  210212q19601969ir\\\\\\ob\\\\000\0\ara\d
=024  7\$aprinceton_aco003665$2local
=040  \\$aZYU$bara$cZYU
=100  1\$6880-01$aMuẓaffar, Muḥammad Riḍā.
=245  10$6880-02$aʻAqāʼid al-imāmīyah$h[electronic resource] /$cMuḥammad Riḍā al-Muẓaffar ; qaddama la-hu Ḥāmid Hufnī Dāwūd.
=260  \\$6880-03$aTihrān :$bDar Kitābkhānah,$c[196-]
=300  \\$aonline resource (136 p.)
=500  \\$aPart of the Arabic Collections Online (ACO) project, contributed by Princeton University Libraries.
=504  \\$aIncludes bibliographical references (p. 131).
=533  \\$aElectronic reproduction.$bNew York, N.Y. :$cNew York University,$d2021.$5NNU
=650  \0$aShiites$xDoctrinal and controversial works.
=710  2\$aPrinceton University.$bLibrary.
=730  0\$aArabic Collections Online.
=776  08$iPrint version:$aMuẓaffar, Muḥammad Riḍā.$tʻAqāʼid al-imāmīyah$w(NjP)2966376
=856  40$uhttp://hdl.handle.net/2333.1/31zcrvbz 
=880  1\$6100-01$aمظفر، محمد رضا.
=880  10$6245-02$aعقائد الامامية /$cمحمد رضا المظفر ؛ قدم له حامد حفني داود.
=880  \\$6260-03$aتهران :$bدر کتابخانه،$c[196-]
=948  \\$acon.
=911  \\$a20000505
=959  \\$a2000-06-13 00:00:00 -0400
=959  \\$aNNU$bWEB$cGENI$t0$mElectronic access$s01
=999  \\$iNjP_2966376$sprinceton_aco003665:$e(ERROR-MISC)$sprinceton_aco003665:

